4390 5773
632 326 813 428 ΕΤ
912 321 1819 434 EVOLUTJONE'
1924 322 2712 434 CURVARUM
2787 448 2793 452 ,
2979 365 3144 462 433
3341 429 3352 438 .

372 519 491 598 tur
538 498 747 589 filum
788 496 1081 592 ἈΕΒ
1100 491 1197 602 δ’,
1260 507 1341 585 δε
1396 501 1765 584 terminus
1828 493 1919 587 A
1968 505 2330 618 aequabili
2373 521 2650 590 manus·
2687 502 2920 593 ductu
2967 535 3146 594 mo·
3277 573 3296 600 ,-
3455 495 3460 502 ’

376 645 625 710 veatur
684 616 939 708 versus
988 616 1057 704 B
1092 679 1121 722 ,
1176 613 1551 706 describet
1606 621 1971 730 parneium
2042 618 2133 709 A
2188 649 2504 708 curvam
2558 619 2810 714 ABB
2829 684 2854 725 ,
2923 629 3155 738 cujus

372 739 769 855 quodlibet
828 739 1193 851 punestum
1240 734 1311 822 B
1361 735 1601 822 habet
1654 761 2001 822 centrum
2066 735 2179 826 sui
2233 735 2540 826 Circuli
2589 735 2992 828 osculantis
3067 744 3152 829 in

373 883 590 941 curva
637 851 821 942 ΕΙ)
841 857 943 954 ol,
1006 859 1087 937 δε
1143 852 1461 968 quidem
1521 852 1632 936 ibi
1684 855 1820 938 ubi
1876 857 2256 943 evolvens
2299 853 2368 943 B
2391 853 2480 942 D
2531 860 2781 972 tangit
2826 885 3151 948 curvam

374 969 439 1060 E
458 970 631 1070 DJ.
754 969 1357 1060 ostendendum
1398 972 1660 1084 itaque
1702 973 1816 1056 est.
1843 1033 1869 1072 ,
1932 973 2153 1086 quod
2186 1000 2448 1060 centra
2469 971 2982 1062 Circulorum
3032 968 3148 1058 0ss

374 1092 773 1178 culantium
820 1089 959 1174 fint
1004 1087 1085 1171 in
1150 1115 1383 1174 curva
1442 1116 1544 1172 ex
1603 1092 1819 1196 cujus
1878 1092 2341 1178 evolutione
2395 1087 2844 1178 describitur
2908 1095 3154 1180 altera

370 1234 588 1294 curva
626 1201 841 1316 cujus
878 1201 1047 1290 sunt
1094 1201 1393 1291 CIrculi
1451 1191 1901 1291 osculantes.
2519 1283 2522 1288 .

469 1322 559 1410 In
599 1326 805 1410 hunc
850 1321 1085 1410 finem
1113 1319 1681 1428 ‚confidemnda
1740 1325 1851 1409 est
1896 1321 2189 1438 genesis
2227 1341 2627 1410 curvamm
2685 1323 3149 1412 evolutione
3475 1434 3480 1436 .

366 1445 801 1559 genitarum.
918 1439 1037 1527 Sit
1094 1465 1329 1524 curva
1380 1431 1657 1524 ADF
1698 1500 1724 1539 ‚
1786 1469 1957 1544 quae
2010 1443 2254 1526 intelli
2313 1443 2338 1524 i
2392 1445 2646 1552 potest
2713 1443 3138 1555 composita
3192 1427 3524 1538 Τίῳ-ΕΒ

366 1558 783 1648 exinfinitis
818 1560 1037 1644 rectis
1084 1550 1257 1642 AB
1290 1617 1314 1655 ,
1378 1547 1552 1640 BC
1583 1616 1610 1655 ,
1676 1551 1917 1658 CD,
1958 1552 2141 1644 DE
2175 1619 2202 1658 ,
2259 1471 2455 1648 {125
2493 1558 2542 1641 fi
2579 1560 2840 1670 itaque
2875 1563 3138 1644 conci-
3229 1519 3484 1600 ωσι*

225 1772 231 1778 δ
362 1679 593 1792 piatur
652 1676 833 1760 huic
888 1701 1133 1758 curvae
1181 1673 1647 1784 applicatum
1720 1669 1873 1758 esse
1942 1674 2161 1758 filum
2221 1669 2395 1759 ΑΒ
2421 1669 2784 1762 CDEF
2811 1737 2837 1774 ‚
2919 1680 3136 1786 cujus
3332 1767 3340 1772 ,

366 1821 543 1881 unus
573 1795 940 1882 terminus
983 1788 1043 1876 F
1103 1788 1297 1873 fixus
1344 1791 1453 1874 est
1490 1849 1519 1889 ‚
1588 1791 1781 1874 'alter
1832 1819 2027 1888 vero
2074 1785 2161 1876 A
2209 1793 2568 1882 mobilis;
2633 1791 2954 1878 evidens
2993 1795 3132 1894 est,
3237 1823 3256 1829 ·

366 1909 417 1996 fi
466 1909 833 1994 terminus
886 1907 1021 1992 iste
1047 1909 1452 1991 moveatur
1475 1901 1753 2006 versus
1774 1903 1861 1994 K
1885 1967 1913 2008 ‚
1976 1907 2198 2020 quod
2247 1910 2616 1994 terminus
2675 1903 2766 1994 A
2822 1910 3130 1994 lineolae

367 2021 521 2112 AB
582 2019 960 2111 describat
1017 2045 1275 2108 arcum
1330 2026 1591 2108 circuli
1650 2017 1728 2112 A
1750 2020 1834 2112 G
1862 2085 1888 2124 ‚
1950 2029 2167 2129 cujus
2229 2051 2574 2111 centrum
2621 2019 2688 2108 B
2719 2085 2744 2124 ,
2807 2027 2944 2139 qui
3008 2053 3126 2114 ar·-
3223 2089 3234 2096 -

366 2145 559 2228 tulus
602 2137 947 2256 eousque
1007 2141 1581 2228 continuabitur
1614 2139 1875 2230 donec
1917 2137 2089 2226 AB
2112 2201 2137 2240 ‚
2211 2143 2297 2224 id
2341 2144 2450 2226 est
2511 2137 2680 2232 GB
2705 2201 2728 2240 ‚
2779 2141 3006 2229 cadat
3049 2135 3131 2227 in

354 2257 715 2347 directum
764 2287 937 2343 cum
984 2257 1271 2344 lineola
1314 2255 1383 2342 B
1404 2255 1536 2350 C3
1584 2281 1771 2344 tunc
1789 2279 1832 2358 ‚3
1890 2279 2262 2370 pergente
2317 2275 2542 2344 motu
2577 2320 2601 2355 ,
2665 2254 3130 2344 describetur

362 2377 850 2484 arcus—circuli
900 2371 1155 2476 GH,
1218 2377 1441 2481 cujus
1482 2399 1827 2462 centrum
1880 2371 1966 2459 C
2008 2381 2091 2458 δε
2137 2375 2392 2462 radius
2441 2371 2628 2470 CG
2655 2436 2678 2474 ‚
2720 2378 2852 2460 vel
2897 2371 3128 2476 CH,

362 2491 596 2580 donec
630 2489 735 2579 H
756 2487 839 2576 C
886 2491 1109 2576 cadat
1156 2485 1235 2574 in
1284 2487 1654 2576 <sirenum
1704 2519 1881 2576 cum
1932 2493 2226 2580 lineola
2279 2483 2364 2577 C
2389 2485 2542 2584 D;
2605 2490 2892 2578 eodem
2949 2519 3128 2574 mo·

360 2607 461 2693 do
510 2606 1029 2707 describuntur
1080 2609 1315 2693 arculi
1358 2604 1513 2695 HI
1562 2615 1644 2693 &
1680 2604 1829 2696 11<
1854 2669 1884 2709 ,
1944 2637 2281 2726 quorum
2327 2632 2584 2696 centra
2629 2603 2770 2710 D,
2826 2607 2959 2694 vel
2991 2601 3062 2692 E
3092 2667 3124 2709 v.

358 2722 435 2810 &
476 2727 660 2812 radii
704 2723 797 2812 D
822 2721 917 2811 H
958 2733 1040 2810 &
1102 2719 1171 2811 E
1188 2719 1251 2811 I.
3163 2782 3165 2785 -

459 2839 678 2931 Hinc
726 2839 1062 2957 sequitur
1099 2857 1131 2944 ‚'
1197 2840 1307 2931 1⁰.
1372 2839 1636 2955 Qod
1672 2840 2051 2930 evolvens
2092 2830 2193 2929 H
2211 2828 2304 2927 D
2363 2840 2450 2928 sit
2495 2859 2814 2957 tangens
2875 2831 3148 2927 curvae'
3256 2861 3265 2864 ·
3447 2898 3462 2913 .

357 2964 701 3047 evolutae.
768 2960 886 3045 2⁰.
953 2958 1215 3069 Qrod
1264 2961 1541 3050 eadem
1591 2958 1691 3047 H
1712 2956 1803 3047 D
1843 2960 1931 3045 fit
1972 2959 2622 3075 perpendicularis
2665 2959 2767 3045 ad
2813 2986 3125 3045 curvam

355 3081 799 3175 ’evolutione
840 3081 1181 3215 'genitam
1217 3112 1271 3229 3⁰
1300 3082 1497 3194 ,quia
1550 3076 2200 3192 perpendicularis
2253 3078 2363 3215 est
2401 3077 2502 3163 ad
2558 3078 2897 3161 arculum
2935 3068 3119 3177 HI,

354 3197 1132 3427 ἓᾞὲξέᾚῗῐῒέἒὲ
1184 3226 1303 3397 ini
1348 3190 2085 3397 affliguffiuffss}
2088 3188 2909 3425 232¹1¹3t2v2333uffl
2915 3188 3121 3401 (³³35

352 3431 587 3514 minus
611 3490 637 3531 ‚
704 3432 849 3520 erit
894 3433 1156 3536 major'
1198 3431 1328 3515 vcl
1383 3432 1649 3514 minor
1704 3430 2133 3542 quantitate
2188 3428 2586 3511 constanti.
2649 3435 2776 3537 4‘.
2859 3422 3122 3535 Qod

350 3552 697 3659 punctum
742 3538 1145 3631 concursus
1186 3544 1505 3631 duarum
1559 3544 2300 3657 perpendicularium
2331 3536 2566 3629 ‘HD
2631 3550 2710 3627 &
2748 3532 2898 3627 ID
2929 3602 2956 3645 ‚
3009 3540 3124 3631 ad

351 3664 775 3773 quamlibet
814 3689 1126 3747 curvam
1177 3662 1433 3747 datam
1478 3658 1569 3747 A
1590 3658 1889 3763 1-11K,
1950 3688 2121 3776 quae
2148 3664 2596 3775 quantitate
2638 3657 2936 3745 infinite
2951 3685 3124 3772 par-

346 3798 445 3979 ἔα
486 3780 769 3983 diffini
785 3778 960 3983 ksit
994 3783 1075 3865 in
1128 3774 1593 3867 curva-AD
1615 3778 1674 3868 F
1732 3810 1831 3869 ex
1903 3783 2116 3889 cujus
2174 3780 2633 3865 evolutione
2681 3772 3126 3863 describitur

404 3920 515 3979 ata
872 3914 901 3979 ἰ

456 4006 568 4097 Ex
612 4016 731 4097 his
773 4012 995 4097 facile
1029 4012 1139 4095 est
1170 4007 1685 4099 demonstrare
1711 4070 1738 4109 ,
1801 4004 2020 4123 quod
2049 4031 2394 4094 centrum
2433 4000 2734 4097 Circuli
2775 3997 3120 4097 osculan-

350 4126 443 4213 tis
493 4158 797 4215 curvam
830 4124 919 4214 A
940 4126 1037 4215 H
1060 4126 1141 4215 K
1188 4132 1265 4212 in
1312 4125 1410 4214 H
1455 4128 1541 4212 fit
1576 4128 1655 4211 in
1692 4132 1979 4241 puncto
2038 4120 2179 4218 Ds
2231 4129 2554 4213 circulus
2603 4129 2820 4237 enirn⁴
2845 4152 3122 4215 centro

352 4230 438 4327 D
480 4252 557 4331 δε
604 4248 824 4333 radio
872 4242 1079 4331 DH
1146 4242 1557 4359 descriptus
1614 4247 1869 4359 tangit
1914 4272 2236 4329 curvam
2311 4238 2620 4333 AHK
2669 4248 2751 4331 in
2803 4240 2902 4331 H
2946 4305 2975 4347 ‚
3039 4250 3122 4329 δι

354 4354 535 4447 secat
596 4365 924 4451 eandem
976 4364 1195 4470 [vel
1258 4359 1517 4449 saltem
1580 4364 1839 4446 transit
1884 4364 1930 4469 ]
1978 4363 2059 4447 in
2112 4354 2201 4455 1;
2272 4368 2646 4476 quoniam
2705 4390 2966 4449 autern
3009 4359 3120 4447 ob

356 4476 765 4567 distantiam
819 4480 1113 4565 infinite
1160 4480 1513 4595 exiguam
1557 4474 1769 4579 HI,
1835 4484 2198 4591 punctum
2239 4476 2275 4567 I
2325 4483 2649 4595 intelligi
2687 4481 2944 4593 potest
2991 4500 3120 4559 ca·

450 4594 657 4701 Jeaen.
702 4597 1063 4686 Bermlts·
1098 4594 1343 4711 Opera
1374 4608 1615 4685 omnin
1672 4591 1923 4689 Tom-
1977 4590 2149 4685 III.
2446 4594 2485 4679 Ι
2517 4598 2546 4681 i
2578 4600 2608 4681 i
2935 4586 3122 4678 dere
