4390 5773
1360 439 1524 544 482
1580 359 1743 540 ’Νη
1780 409 2177 508 cxux.
2219 411 2492 505 Lac-r.
2525 382 2967 508 xxxm(
2997 409 3319 503 enon.
3390 411 3668 504 ems,
3729 409 4066 503 mea

1396 763 2019 860 LECTI.O
2142 755 3266 902 TRIGESIMA
3383 757 4080 851 TERTIA.

1486 970 1728 1056 Varia
1784 963 2242 1051 Problemata
2299 959 3069 1081 Physica-Mecbmica
3101 1025 3128 1055 ,
3159 991 3540 1074 eorumque
3595 959 4002 1050 solutiones.

2020 1159 2358 1267 Iuventio
2419 1175 2680 1268 Curva
2737 1179 3093 1290 defieqfits
3149 1175 3522 1294 aquaebilss.

1502 1416 1689 1507 Atis
1750 1413 2139 1532 hucusque
2178 1477 2206 1516 ‚
2287 1442 2372 1502 ut
2431 1409 2651 1526 spero
2707 1475 2736 1516 ‚
2824 1414 3261 1530 generalem
3326 1407 3642 1503 Calculi
3675 1411 4098 1528 integralium

1558 1536 1813 1646 ideam
1876 1535 2552 1624 adumbravimuss
2621 1532 2758 1616 ubi
2794 1533 3114 1648 quidem
3166 1561 3328 1618 rem
3371 1533 3766 1632 breviter,
3796 1536 3871 1617 in
3903 1561 4102 1647 quan-

1362 1675 1529 1736 tum
1592 1648 1980 1738 necessitas
2040 1649 2380 1766 permisit
2426 1712 2451 1750 ‚
2537 1649 2843 1736 interim
2901 1647 3242 1737 dilucide
3321 1658 3402 1736 δι
3459 1645 3848 1764 perspicue
3903 1651 4096 1760 expli-

1225 1841 1234 1846 -
1360 1771 1715 1853 cuium&
1802 1765 2115 1867 Multa,
2180 1773 2344 1852 imo
2403 1764 2753 1868 infinita,
2813 1767 2916 1850 ad
2977 1767 3368 1852 materiam
3433 1768 3627 1852 hanc
3689 1769 4098 1880 pertinentia

882 4204 887 4207 ’
998 4212 1053 4275 Τ
1095 4216 1141 4275 Λ
1180 4214 1245 4280 Β.

992 4292 1255 4361 LXVIII.

984 4380 1109 4459 fig.
1146 4398 1281 4461 1¹9·

1352 1887 1689 1984 restant,
1754 1916 1941 2001 quae·
1990 1883 2342 1970 consulto
2397 1881 2784 1969 omisimus
2820 1917 2868 1978 3,
2909 1911 3068 1968 non
3125 1912 3216 1969 ac
3281 1884 3333 1968 fi
3385 1887 3758 1968 calculum
3821 1883 4100 1996 diffuge-

1355 2029 1529 2086 rent
1558 2064 1585 2101 ‚
1641 1996 1773 2086 sed
1830 2003 2290 2114 potissimum
2344 2004 2524 2115 quia
2586 2003 2924 2086 nostrum
2979 2023 3140 2084 erat
3199 2001 3672 2114 propositum
3719 2003 3884 2106 ejus
3933 2002 4092 2084 utili-

1356 2139 1599 2202 tatem
1653 2125 1733 2202 &
1780 2115 2464 2216 universalitatem,
2529 2147 2665 2230 per
2727 2119 3033 2200 illorum
3071 2116 3441 2204 duntaxat
3489 2111 3941 2201 solutionem
3987 2145 4096 2230 pa-

1318 2233 1773 2332 „refaciendi
1798 2296 1825 2336 ,
1880 2265 2049 2348 quae
2111 2240 2189 2319 in
2253 2237 2613 2346 penitiori
2675 2231 3137 2320 Geometria
3165 2295 3188 2332 ‚
3253 2235 3607 2347 quamvis
3665 2261 3832 2316 non
3867 2261 4096 2346 parum

1354 2347 1681 2436 abstrusa
1720 2412 1745 2450 ‚
1815 2353 2123 2436 crebro.
2174 2378 2434 2436 tamen
2509 2377 2946 2436 occurrunt.
3075 2347 3486 2440 Methodo
3560 2353 3826 2464 itaque
3881 2353 4100 2434 nostra

1350 2471 1557 2552 reste
1591 2467 1985 2567 adhibita,
2030 2495 2342 2568 caetera,
2395 2468 2448 2552 fi
2497 2496 2670 2580 quae
2729 2461 3110 2580 supersunt
3145 2529 3168 2568 ‚
3221 2471 3408 2582 quin
3452 2465 3676 2551 facile
3729 2463 3908 2552 solvi
3945 2461 4100 2579 pos-

1342 2583 1495 2674 sint
1557 2585 1805 2670 nullus
1865 2583 2185 2668 dubito:
2236 2589 2400 2670 imo
2455 2582 2767 2670 asserere
2818 2583 3048 2669 ausim
3079 2643 3105 2684 ‚
3164 2586 3426 2668 omnia
3469 2579 3950 2670 Problemata
3987 2578 4094 2668 so-

1350 2701 1662 2801 labilia,
1714 2731 1880 2816 quae
1938 2704 2298 2787 haetenus
2351 2703 2679 2816 vulgaris
2717 2695 3189 2787 Geometriae
3254 2729 3489 2812 opem
3549 2699 3964 2798 eluserunt,
4017 2707 4092 2782 &

1350 2845 1524 2929 quae
1587 2845 1949 2932 tanquam
1998 2819 2482 2931 impossibilia
2525 2822 2802 2926 rejeeta
2853 2819 3107 2918 filere,
3159 2812 3468 2903 Calculi
3529 2821 3763 2903 nostri
3809 2822 4086 2929 integra·

1352 2936 1544 3019 lium
1598 2936 1928 3047 analyfin
1977 2932 2248 3022 subire.
2372 2933 2624 3044 Cujus
2687 2939 2959 3022 veritas
3005 2936 3243 3047 magis
3281 2936 3618 3047 patebit,
3669 2966 3844 3021 cum
3877 2938 4098 3021 osten-

1352 3050 1694 3135 derimus
1751 3054 1972 3165 quod
2026 3055 2230 3137 illius
2283 3050 2957 3165 limiteseousque
3008 3048 3082 3137 se
3139 3052 3560 3137 extendant
3595 3113 3622 3151 ‚
3682 3078 3768 3136 ut
3803 3054 3996 3137 nulla
4027 3050 4110 3133 s1t

1344 3194 1521 3282 pars
1577 3164 2039 3255 Matheseos
2102 3198 2476 3255 concreta:
2523 3230 2550 3271 ,
2635 3172 2845 3278 cujus
2909 3168 3334 3255 difficiliora
3404 3176 3480 3253 &
3555 3173 4056 3280 praestantiora
4087 3228 4112 3267 ‚

1348 3312 1527 3399 quae
1602 3285 1793 3370 faeta
1849 3286 2158 3371 fuerunt
2191 3349 2219 3388 ‚
2283 3290 2596 3373 inventa
2665 3316 2826 3373 non
2880 3282 3016 3371 sub
3079 3287 3232 3370 illis
3303 3287 3892 3377 contineantur;
3953 3314 4124 3398 quae

1348 3404 1582 3501 alias,
1642 3406 1858 3488 omni
1904 3402 2318 3517 Cartefiana
2379 3402 2838 3495 Geometria
2889 3402 3151 3491 frustra
3219 3404 3319 3486 ad
3365 3402 3730 3487 auxilium
3795 3428 4080 3486 vocata
4101 3462 4128 3499 ,

1344 3520 1427 3603 in
1490 3544 1855 3605 aeternum
1915 3519 2470 3609 delitescerent.
2588 3519 2794 3607 Haec
2837 3547 3102 3606 revera
3162 3522 3268 3603 ita
3327 3516 3400 3605 se
3443 3521 3732 3605 habere
3781 3513 4138 3605 manifes-

1342 3658 1521 3715 tum
1586 3640 1729 3719 erit
1800 3668 1898 3721 ex
1976 3632 2492 3723 solutionibus
2557 3638 3042 3751 quorundam
3105 3632 3688 3722 Problematum
3761 3632 4140 3749 Phyfico-

1340 3742 1996 3835 Mechanicorum
2060 3782 2108 3837 a
2168 3754 2760 3869 praestantiflimis
2825 3749 3448 3843 Mathematicis¹
3483 3756 4066 3868 propositorum
4113 3816 4142 3854 ‚

1342 3895 1677 3981 quorum
1724 3864 2147 3959 solutiones
2168 3933 2198 3973 ,
2244 3876 2520 3986 partim
2575 3870 2891 3971 nullibi,
2941 3875 3220 3985 partim
3273 3900 3470 3956 vero
3529 3866 3912 3986 suppressa
3959 3900 4142 3957 ana·

1340 3982 1481 4094 lysi
1520 3990 2025 4097 reperiuntur.
2146 4006 2157 4017 ’
3865 3990 3878 3999 ’

1464 4098 1801 4189 Primum
1855 4108 2115 4221 itaque
2170 4134 2444 4194 notatu
2507 4110 2826 4224 dignum
2874 4108 2982 4192 est
3033 4109 3236 4191 talet
3481 4176 3492 4187 .

1460 4216 1863 4325 Quaeritur
1920 4227 2165 4337 qualis
2217 4228 2303 4309 fit
2353 4253 2618 4310 natura
2679 4254 2925 4309 curvae
2989 4218 3186 4310 AD
3216 4219 3301 4307 C
3351 4226 3516 4334 ejus
3561 4220 4090 4336 proprietatis
4125 4286 4155 4325 ,

1336 4358 1427 4423 ut
1469 4362 1617 4420 axe
1668 4335 1823 4423 BF
1868 4343 2333 4427 verticaliter
2379 4334 2678 4443 credie,
2737 4342 3046 4454 pondus
3087 4346 3168 4423 in
3215 4370 3456 4425 curva,
3505 4344 3749 4427 libere
3815 4340 4152 4427 descen·

1334 4451 1532 4536 'dens
1600 4457 2021 4568 aequalibus
2074 4460 2558 4573 temporibus
2630 4460 2960 4573 aequales
3017 4458 3946 4555 altitudinesverticales
4013 4462 4152 4543 ab·

1326 4566 1628 4696 solvats
1678 4598 1764 4663 ut
1817 4572 1871 4665 fi
1922 4604 2042 4663 ex.
2102 4604 2216 4692 gr.
2339 4576 2648 4693 pondus
2701 4578 2832 4661 vel
2891 4556 3173 4691 globus
3211 4604 3256 4667 a
3317 4582 3636 4694 puncto
3666 4571 3754 4661 A
3817 4580 4160 4660 moveri

1302 4714 1315 4735 “
3046 4740 3055 4748 ·
3399 4698 3412 4713 ’
3736 4694 4164 4809 incipiens
