4390 5773
1236 392 1414 494 4⁶0
1474 365 2060 517 Nnexux.
2124 361 2454 454 Lacr.
2513 361 2813 460 xxv.
2877 363 3332 489 srATn
3381 283 3994 468 CUIUSDAM

1078 599 1087 608 -
1242 537 1595 653 ideoque
1648 539 1881 618 curv'a
1932 531 1999 612 B
2026 532 2081 608 E
2104 531 2157 608 F
2182 531 2258 607 G
2293 567 2438 608 m
2478 532 2697 613 κάκ
2747 527 3098 643 tangenti
3153 533 3220 610 B
3247 533 3344 612 C.

1206 731 1219 740 .
1341 655 1431 748 Si
1484 658 1749 768 itaque
1778 652 1989 738 reeca
2027 649 2093 726 B
2116 652 2187 726 C
2225 646 2450 732 instar
2487 645 2594 730 fili
2627 646 3070 732 involvatur
3109 647 3650 732 circa'curvam
3682 649 3751 729 Β
3774 651 3834 730 Ε
3854 649 3908 732 F
3933 652 4058 751 G,

1230 779 1465 860 curva
1492 779 1561 854 C
1582 776 1662 854 H
1688 777 1715 855 1
1738 774 1841 866 K,
1868 787 2101 879 quam
2130 767 2502 849 terminus
2527 769 2598 844 C
2625 763 3008 864 describit,
3045 764 3192 850 erit
3217 790 3450 850 curva
3475 793 3643 880 quae
3661 795 3762 851 ex
3785 770 4058 853 evolu-

1224 893 1446 978 tione
1480 885 2067 1004 Logarithmicae
2118 879 2427 997 Spiralis
2453 887 2520 964 B
2547 889 2600 963 E
2623 887 2674 964 F
2701 885 2775 962 G
2799 905 3225 996 generatur.
3278 884 3488 968 Dico
3521 885 3718 968 hanc
3741 911 4056 972 curvam

1232 1013 1303 1090 C
1325 1013 1403 1090 H
1428 1013 1455 1091 1
1480 1013 1555 1094 K
1592 1003 1739 1096 effe
1774 1000 2103 1088 eandem
2130 997 2526 1113 Spiralemi
2559 995 3039 1086 Producatut
3054 999 3264 1085 enim
3289 1005 3356 1082 Β
3379 1007 3448 1084 Α
3469 1027 3840 1116 quantum
3855 1033 4055 1118 opus.

1228 1129 1341 1214 est
1359 1188 1385 1226 ‚
1448 1125 1575 1210 cui
1660 1144 1969 1207 ocurrat
2028 1125 2095 1200 C
2124 1127 2200 1202 D
2277 1116 2924 1232 perpendicularis
2989 1117 3092 1203 ad
3153 1123 3222 1201 B
3253 1121 3322 1198 C
3339 1151 3370 1211 3
3429 1121 3804 1234 quoniam
3857 1151 4056 1208 vero

1228 1249 1301 1330 Β
1326 1227 1407 1324 C'
1455 1243 1695 1328 etiam
1750 1232 2405 1350 perpendicularis
2452 1239 2562 1321 est
2625 1235 2732 1322 ad
2795 1261 3110 1320 curvam
3175 1239 3242 1316 C
3265 1241 3346 1317 H
3373 1296 3401 1337 ,
3463 1239 3612 1322 erit
3661 1243 3824 1322 CD
3883 1263 4046 1324 tan·

1230 1359 1425 1476 gens
1458 1385 1708 1456 curvae
1752 1359 1815 1434 C
1844 1359 1973 1444 H;
2042 1347 2173 1437 sed
2203 1411 2226 1452 ,
2289 1353 2402 1440 ob
2459 1350 3028 1439 fimilitudinem
3085 1351 3640 1467 triangulorum
3675 1359 3835 1440 ΒΛ
3858 1364 3926 1440 C
3971 1364 4054 1444 δι

1234 1483 1307 1560 C
1332 1483 1405 1558 A
1432 1483 1507 1558 D
1542 1535 1569 1574 ‚
1646 1473 1971 1586 angulus
2028 1475 2092 1550 C
2116 1473 2186 1552 Β
2213 1477 2282 1552 Α
2327 1471 2439 1556 est
2469 1472 2780 1583 aequalis
2823 1470 3112 1583 angulo
3167 1479 3240 1552 D
3269 1478 3335 1550 C
3359 1479 3478 1564 A3
3537 1473 3886 1587 ideoque
3915 1501 4048 1560 an-

1232 1593 1461 1709 gulus
1514 1599 1591 1676 D
1618 1596 1685 1670 C
1712 1603 1781 1670 A
1832 1591 2065 1674 etiam
2106 1587 2216 1672 est
2259 1587 2656 1674 constans:
2717 1587 3050 1701 proinde
3087 1613 3322 1672 curva
3371 1594 3540 1671 CH
3563 1595 3688 1674 11(
3739 1593 3852 1678 est
3885 1587 4046 1678 Lo-

1116 1765 1127 1776 *
1228 1711 1689 1826 garithmica
1728 1705 2081 1818 Spirali83
2144 1709 2226 1788 &
2268 1704 2590 1818 quidem
2634 1705 2908 1792 eadem
2941 1731 3114 1789 cum
3155 1711 3302 1788 BF,
3329 1709 3528 1806 FG,
3591 1709 3706 1793 ob
3736 1711 4042 1824 aequali-

1230 1853 1477 1914 tatem
1532 1826 1987 1940 angulorum
2038 1827 2284 1905 CBA
2337 1827 2418 1906 &
2474 1827 2768 1909 DCA.
2889 1825 3013 1938 Q
3061 1821 3156 1906 E.
3222 1821 3343 1909 D.

1304 2028 1309 2035 .
1352 1943 1610 2044 Coma.
1673 1945 1743 2028 I.
1804 1939 1889 2024 Si
1932 1939 2240 2052 Spiralis
2278 1933 2850 2054 Logarithmica
2879 1939 3170 2053 quaevis
3223 1945 3292 2022 B
3311 1947 3366 2022 E
3395 1945 3448 2022 F
3473 1943 3550 2024 G
3589 1941 4046 2029 extendatur

1232 2061 1315 2146 in
1364 2065 1647 2148 reetam
1694 2065 1759 2142 B
1786 2063 1855 2138 C
1885 2118 1911 2157 ‚
1969 2057 2391 2143 devenient
2445 2063 2510 2140 B
2535 2063 2605 2137 A
2631 2118 2657 2158 ‚
2733 2063 2910 2140 MA
2967 2062 3119 2141 διε.
3185 2057 3600 2144 ordinatim
3649 2062 4044 2172 applicatae

1234 2181 1315 2264 in
1364 2178 1749 2291 triangulo
1812 2173 2256 2286 tetstangulo
2316 2178 2626 2265 BAC3
2695 2201 2872 2257 nam
2929 2173 3038 2256 ob
3093 2177 3456 2289 angulum
3509 2181 3778 2258 ΑΒΜ
3823 2173 4038 2262 coni?-

1234 2319 1529 2380 tantem
1564 2354 1591 2393 ‚
1644 2315 1867 2377 erunt
1904 2297 1971 2372 B
1995 2297 2115 2390 A,
2178 2295 2266 2370 Μ
2291 2297 2362 2370 Α
2408 2295 2561 2375 &c.
2629 2293 3046 2404 parallelae‚
3095 2297 3176 2373 &
3218 2295 3398 2406 quia
3424 2287 3593 2376 sunt
3627 2293 3708 2376 in
3743 2299 4046 2380 ratione

1237 2413 1637 2498 constante
1684 2437 1858 2493 cum
1912 2435 2163 2492 curvae
2205 2408 2700 2519 portionibus
2757 2410 3252 2493 conterminis
3279 2470 3305 2509 ,
3363 2411 3662 2495 constat
3691 2410 4040 2523 propoli-

1172 2623 1185 2632 ·
1237 2552 1431 2612 tum.
1554 2523 1911 2639 Ideoque
1938 2587 1963 2626 ‚
2018 2524 2684 2637 quemadmodum
2743 2525 3052 2636 Spiralis
3114 2524 3604 2623 Archimeden
3653 2530 3764 2612 est
3813 2525 4040 2616 Para-

1234 2645 1425 2730 bola
1462 2647 1889 2732 convoluta
1918 2675 1939 2734 ς
1973 2642 2081 2726 ita
2112 2637 2684 2754 Logarithmica
2709 2641 3016 2756 Spiralis
3053 2645 3162 2730 est
3200 2638 3718 2758 Triangulum
3749 2651 4038 2732 refran-

1234 2763 1504 2878 gulum
1554 2762 2093 2846 convolutum.
2255 2813 2264 2822 -

1353 2877 1616 2965 Coroll.
1680 2879 1810 2963 ΙΙ.
1894 2872 2411 2993 Triangulum
2471 2880 2725 2962 ΒΑΘ
2793 2877 2902 2963 est
2973 2874 3294 2989 duplum
3361 2871 3578 2991 spatii
3637 2885 3974 2965 BEFG
4005 2942 4034 2986 ,

1230 2999 1418 3105 quia
1464 2996 1966 3081 differentiale
2010 2998 2369 3108 trianguli
2424 2998 2532 3081 est
2573 2993 2894 3107 duplum
2942 2994 3462 3087 differentialis
3508 2993 3755 3110 spatii.

1523 3301 2085 3408 LECTIO
2209 3314 3024 3407 VIGESIMA
3143 3250 3742 3429 QUINTA.

1620 3516 1853 3633 Spatia·
1892 3518 2257 3631 cujusc'lam
2301 3514 2722 3631 Cycloidalis
2775 3516 3255 3631 Qadratnra
3300 3512 3644 3625 absblutae.

1450 3710 1705 3804 Revis
1738 3716 1873 3799 ista
1908 3776 1934 3814 ‚
1998 3742 2232 3823 quam
2269 3710 2592 3799 feclinus
2627 3774 2654 3813 ‚
2721 3712 3072 3829 digreffio
3123 3708 3294 3800 satis
3347 3710 3684 3799 ostendit
3717 3777 3744 3819 ,
3807 3714 4048 3831 quod

1483 3861 1645 3919 non
1686 3831 1778 3917 'fit
1814 3824 1971 3916 sola
2000 3828 2336 3944 Cyclois
2361 3890 2388 3929 ,
2451 3834 2578 3915 cui
2615 3835 2993 3945 competit
3034 3834 3270 3917 toties
3317 3832 3644 3946 repetita
3675 3842 4046 3946 proprie-

1226 3973 1340 4032 tas
1379 3984 1401 4041 3
1468 3950 1671 4039 adeo
1700 3975 1785 4034 ut
1827 3950 2055 4033 allata
2091 3948 2402 4063 Spiralis
2446 3944 3017 4063 Logarithmica
3051 3978 3218 4033 non
3281 3947 3433 4035 fine
3481 3950 4052 4062 probabilitate

1226 4072 1743 4172 conjecturam
1790 4096 2112 4155 movere
2158 4066 2427 4182 poffit,
2495 4065 2718 4180 quod
2761 4069 3016 4153 multae
3053 4068 3266 4165 aiiae,
3329 4070 3520 4181 quin
3573 4070 3736 4151 imo
3775 4069 4050 4157 infini-

1224 4200 1323 4265 tae
1386 4184 1662 4269 dentur
1726 4214 1972 4269 curvae
2004 4248 2030 4285 ,
2092 4196 2264 4297 quae
2315 4186 2777 4269 evolutione
2841 4181 2967 4268 sua
3021 4179 3324 4268 easdem
3384 4208 3518 4269 aut
3579 4180 3848 4271 saltem
3901 4190 4052 4273 fibi

1224 4294 1501 4383 fimiles
1542 4298 1879 4385 forment
1916 4332 1939 4391 ς
2008 4306 2085 4383 &
2134 4296 2386 4385 forfim
2436 4298 2741 4387 difficile
2780 4330 2940 4385 non
2979 4298 3205 4403 effer,
3247 4331 3406 4415 ope
3453 4296 3765 4387 Calculi
3797 4307 4050 4393 nostri

1222 4416 1758 4531 integralium,
1798 4416 2121 4501 modum
2174 4421 2662 4531 excogitare,
2724 4446 2888 4532 quo
2935 4422 3124 4505 tales
3187 4448 3434 4505 curvae
3477 4423 3974 4532 reperiuntur
4019 4461 4044 4509 ε

1219 4534 1404 4647 quia
1454 4560 1711 4621 autem
1772 4562 1975 4617 nunc
2019 4564 2181 4619 non
2235 4559 2458 4619 vacat
2522 4536 2676 4633 hoc
2735 4538 3074 4647 praestare
3106 4598 3137 4645 ,
3197 4540 3366 4629 aliis
3427 4539 4048 4655 relinquendum

1216 4652 1382 4747 ests
1438 4654 1749 4749 interim
1798 4652 2206 4779 redeamus
2247 4652 2348 4745 ad
2403 4647 2868 4773 Cycloides.
3913 4656 4045 4747 Sit
