4390 5773
1234 395 1413 509 ''4'52'
1528 379 2626 484 N·.cx1.1x.1.n·<:·r1t>
2683 355 2966 479 xx'n.
3058 383 3259 476 DE
3355 384 3626 478 emt
3663 387 3898 480 Vm

1239 587 1340 646 ro
1400 555 1491 646 fit
1542 559 2043 660 mechanica,
2102 583 2286 646 tunc
2335 561 2510 646 cum
2571 560 2766 646 radii
2814 555 2986 645 sunt
3037 553 3850 644 incommensurabiles
3882 617 3912 656 ,
3975 551 4060 640 id

1242 679 1398 779 cst,
1460 705 1637 764 cum
1709 679 1908 764 ratio
1960 676 2350 762 radiorum
2409 705 2570 762 non
2625 679 2880 790 potest
2939 678 3274 763 numeris
3336 677 3706 788 exprimi,
3773 667 3877 758 fic
3923 673 4064 756 de·
4287 755 4289 758 Α

1244 795 1731 882 monstratur.
1774 791 2073 880 Omnis
2120 823 2380 895 curva,
2413 794 2567 880 five
2586 796 3086 908 geometrica,
3113 793 3268 880 five
3289 793 3733 880 mechanica
3759 851 3788 892 ,
3823 791 4062 876 autin
4286 797 4289 956 ⁴

1248 905 1329 997 se
1358 909 1722 1010 redit‚aut
1766 910 2250 996 ininfinitum
2271 912 2756 1024 protenditur
2781 945 2806 1004 ς
2869 914 3050 1025 quia
3072 911 3473 1024 generatio
3503 937 3748 994 curvae
3765 905 4068 1021 semper

1254 1027 1693 1116 continuari
1748 1029 2027 1140 potest.
2113 1027 2197 1114 Si
2225 1031 2486 1142 itaque
2507 1029 2826 1116 circulus
2862 1030 3168 1141 genitor
3206 1019 3458 1112 ABG
3487 1027 3724 1138 prima
3759 1021 3888 1110 sua
3915 1027 4056 1108 cir-

910 1163 976 1236 τ
1020 1145 1164 1236 Α’Β.
1257 1145 1851 1232 cumvolutione
1888 1140 2266 1230 describat
2307 1174 2484 1230 cum
2540 1147 2828 1259 puncto
2871 1141 2962 1230 A
3010 1139 3488 1257 Cycloidem
3521 1137 3854 1240 ΑΒΕ,
3913 1143 4064 1226 erit

910 1253 962 1320 ¹³
984 1251 1167 1348 3111.
1256 1261 1417 1346 haec
1483 1256 1817 1374 Cyclois
1892 1260 2246 1346 nondum
2295 1259 2511 1345 finita
2547 1321 2576 1362 ‚
2660 1257 2788 1346 sed
2857 1264 3300 1348 continuata
3355 1255 4066 1344 circumvolutione

920 1337 1045 1413 Μ
1077 1350 1173 1412 ⁹⁰’
1257 1372 1725 1463 describetur
1770 1372 2095 1463 secunda
2152 1370 2408 1466 EFG
2443 1437 2470 1478 ,
2533 1383 2616 1462 &
2669 1377 2854 1464 dein
2900 1381 3125 1466 tertia
3171 1372 3427 1465 GHI
3463 1435 3492 1474 ,
3553 1399 3739 1461 tunc
3787 1397 4064 1489 quarta

1254 1489 1297 1579 Ι
1317 1491 1399 1580 K
1423 1489 1535 1596 L,
1597 1500 1679 1579 &
1722 1493 1823 1580 fic
1860 1495 2274 1609 deinceps3
2325 1495 2584 1580 donec
2619 1494 2944 1581 tandem
2999 1499 3362 1608 punctum
3399 1487 3488 1578 A
3511 1554 3540 1594 ‚
3601 1493 3777 1608 post
3811 1495 4062 1578 varIas

1256 1612 2001 1700 circumvolutiones
2026 1673 2053 1714 ,
2114 1615 2396 1698 iterum
2451 1611 2678 1698 eadat
2737 1613 2817 1696 in
2859 1613 3316 1725 principium
3351 1605 3438 1696 A
3479 1643 3506 1702 ς
3567 1638 3734 1724 quo
3793 1610 3882 1694 in
3939 1637 4052 1695 ca-

1252 1716 1338 1812 su
1357 1777 1384 1828 5
1444 1729 1891 1816 continuata
1948 1730 2650 1816 citcumvolutione
2689 1729 2965 1816 eadem
3003 1727 3334 1843 Cyclois
3369 1725 3470 1812 de
3527 1755 3750 1811 novo
3790 1727 4058 1840 progi-

1236 1847 1515 1960 gnitur
1548 1877 1579 1938 3
1638 1845 1843 1932 adeo
1904 1872 1989 1932 ut
2047 1875 2324 1933 omnes
2383 1842 2822 1958 Cycloides
2869 1845 3086 1930 fimul
3138 1841 3448 1958 sumptae
3489 1872 3654 1930 non
3695 1842 3840 1928 nifi
3887 1845 4054 1928 uni-

1260 1988 1433 2046 cam
1489 1965 1951 2048 constituant
2006 1991 2319 2048 curvam
2379 1957 3208 2050 ADEFGHIKL
3239 1967 3390 2048 διὸ.
3457 1959 3540 2048 Si
3578 1961 3807 2074 igitur
3863 1960 4056 2046 radii

1266 2079 1533 2164 circuli
1576 2081 1885 2164 immoti
1912 2083 1993 2164 δι
2021 2081 2289 2164 circuli
2309 2081 2683 2192 genitoris
2725 2074 2895 2162 sunt
2929 2074 3776 2194 incommensurabiles,
3827 2100 4056 2162 erunt

1240 2197 1501 2288 ‚etiam
1518 2196 1827 2280 illorum
1854 2197 2296 2309 peripheriae
2319 2189 3164 2288 incommensurabiles
3197 2194 3544 2310 ideoque
3565 2193 3894 2280 circulus
3919 2223 4046 2308 ge·

1262 2311 1473 2396 nitor
1510 2305 1597 2398 A
1616 2307 1685 2396 B
1706 2307 1792 2396 C
1824 2311 2153 2397 infinitas
2195 2312 2538 2424 perficiet
2573 2303 3318 2398 circumvolutiones
3335 2337 3752 2427 antequam
3811 2339 4050 2423 punc·

1266 2449 1435 2514 tum
1462 2423 1549 2512 A
1575 2430 1947 2516 reincidat
1970 2431 2050 2514 in
2085 2431 2540 2545 principium
2577 2425 2710 2520 A;
2757 2426 2852 2512 fic
2880 2430 3110 2544 igitur
3121 2429 3502 2515 habentur
3541 2427 3854 2513 infinitae
3875 2422 4050 2540 Cy·-

1266 2543 1565 2629 cloides
1585 2604 1612 2645 ,
1676 2574 1845 2659 quae
1892 2549 2192 2633 unicam
2220 2571 2522 2656 tantum
2551 2545 2842 2632 faciunt
2885 2571 3196 2632 curvam
3215 2541 3412 2632 AD
3434 2541 3500 2632 E
3519 2544 3582 2633 F
3601 2541 3684 2633 G
3704 2541 3808 2632 H
3825 2539 4052 2630 IKL

1247 2663 1433 2746 ‘&c:
1496 2660 1679 2747 dico
1716 2665 1911 2748 hanc
1958 2691 2274 2750 curvam
2325 2660 2474 2751 effe
2533 2663 3090 2748 mechanicam.
3196 2661 3280 2750 Si
3325 2665 3534 2749 enim
3572 2665 4048 2776 geometrica

1263 2775 1566 2862 dicatur
1630 2777 1777 2867 effe
1823 2811 1853 2872 ς
1938 2781 2258 2870 ducatur
2337 2779 3066 2897 quomodocunque
3125 2784 3328 2866 reeta
3392 2782 3598 2867 linea
3649 2775 3755 2864 H
3785 2777 3850 2866 1²
3913 2805 4042 2891 per

1264 2892 1756 2985 transversum
1794 2925 2041 2983 curvae
2073 2960 2101 3000 ,
2163 2902 2325 2983 haec
2367 2903 2566 2984 reeta
2620 2901 2668 3007 [
2685 2923 2774 2982 ur
2831 2900 3110 3011 patet]
3156 2892 3436 2985 secabit
3463 2925 3776 2983 curvam
3827 2898 3908 2980 in
3935 2898 4043 2979 in-

1260 3007 1500 3097 finitis
1541 3018 1837 3130 punffls
1894 3012 1999 3099 H
2014 3077 2039 3114 ,
2094 3048 2216 3116 m,
2271 3048 2387 3117 n,
2477 3020 2624 3100 ὅτε.
2687 3014 2772 3103 Ρ.
2897 3012 3126 3125 Qia
3179 3042 3374 3103 vero
3427 3016 3768 3129 aquatio
3827 3037 4050 3097 natu-

1252 3146 1424 3213 ·ram
1468 3154 1721 3217 curvae
1781 3127 2167 3239 enjusdam
2235 3135 2666 3246 exprimens
2723 3132 2831 3217 ad
2881 3134 3292 3217 minimum
3346 3155 3472 3217 tot
3531 3128 4054 3216 dimensiones

1263 3242 1505 3330 habet
1528 3306 1556 3348 ,
1616 3272 1821 3362 quot
1866 3249 1945 3333 in
1992 3250 2288 3363 punffls
2339 3252 2542 3335 resta
2591 3276 2901 3335 curvam
2949 3246 3196 3335 secare
3229 3250 3483 3361 potest
3517 3307 3548 3348 ‚
3609 3244 4054 3362 sequeretur

1258 3362 1483 3474 quod
1516 3364 1877 3479 aequatio
1900 3428 1925 3466 ,
1994 3396 2163 3480 quae
2199 3369 2660 3481 exprimeret
2699 3391 3041 3452 naturam
3093 3367 3362 3451 nostrae
3413 3392 3660 3449 curvae
3695 3426 3727 3466 ‚
3788 3363 4050 3448 infini-

1254 3496 1373 3561 tas
1416 3480 1741 3567 haberet
1796 3481 2357 3571 dImenfiones:
2423 3481 2690 3594 Qod
2724 3486 2833 3572 est
2867 3478 3309 3571 abfiudum.
3423 3476 3635 3597 Ergo
3669 3508 3908 3567 curva
3939 3481 4054 3567 est

1256 3598 1735 3684 mechanica.

1358 3706 1603 3831 ‘Hinc
1646 3736 1862 3827 patet
1886 3774 1913 3815 ,
1976 3713 2206 3828 quod
2246 3714 2334 3801 fit
2381 3714 2838 3829 impoffibile
2881 3740 3136 3801 arcum
3183 3712 3450 3801 circuli
3511 3712 3779 3801 datum
3841 3712 4054 3799 divi·

1257 3824 1450 3915 dere
1478 3831 1557 3917 in
1604 3832 1799 3919 duas
1838 3858 2089 3946 partes
2122 3892 2147 3933 ‚
2213 3860 2384 3947 quae
2425 3832 2568 3918 smt
2604 3857 2691 3917 ut
2723 3862 3084 3919 numerus
3118 3834 3222 3917 ad·
3261 3861 3424 3921 non
3471 3861 3918 3923 numerum3
3963 3827 4052 3915 id

1260 3950 1373 4035 est
1404 4010 1432 4048 ,
1494 3979 1664 4063 quae
1713 3949 1854 4035 fint
1898 3948 2729 4037 incommensurabiles.
2792 3948 3012 4039 Nam
3053 3948 3106 4035 fi
3142 3951 3296 4035 hoc
3329 3950 3496 4037 fieri
3527 3948 3778 4063 posset
3799 4011 3822 4047 ‚
3879 3977 4052 4033 cur—

1263 4092 1367 4148 va
1400 4072 1653 4153 nostra
1686 4067 1958 4153 itidem
1975 4067 2159 4155 effer
2192 4070 2692 4183 geometrica.
2731 4065 2960 4157 Patet
2974 4095 3341 4181 quoque,
3373 4067 3596 4180 quod
3617 4067 3666 4149 fi
3687 4066 3879 4151 radii
3903 4068 4052 4151 cir-

1261 4182 1417 4270 culi
1459 4186 1766 4277 immoti
1819 4192 1900 4271 δε
1952 4188 2324 4299 genitoris
2367 4188 2508 4273 sint
2561 4181 3279 4274 commensurabiles
3307 4244 3335 4285 ,
3399 4180 3732 4297 Cyc101s
3785 4208 4054 4270 tamen

1244 4296 1447 4386 ‚inde
1480 4304 1887 4414 progenita
1918 4363 1941 4401 ‚
1986 4324 2155 4387 utut
2199 4306 2672 4415 geometrica
2695 4364 2720 4399 ‚
2787 4302 3167 4387 interdum
3205 4303 3444 4413 magis
3495 4302 3626 4387 vel
3669 4302 3924 4385 minus
3962 4301 4052 4386 stt

1262 4416 1691 4532 composita
1732 4451 1751 4499 ε
1814 4444 1992 4502 nam
2030 4443 2263 4530 prout
2299 4419 2618 4504 circulus
2650 4424 2962 4535 genitor
3009 4418 3496 4530 paucioribus
3531 4419 3660 4505 vel
3699 4419 4052 4530 pluribus

1238 4536 2089 4646 'circumvolutionibus
2138 4536 2495 4626 reincidit
2555 4538 2636 4625 in
2701 4538 3230 4655 principium,
3315 4542 3519 4625 reeta
3585 4538 3794 4623 linea
3860 4532 3960 4619 H
3985 4534 4046 4618 F

1238 4664 1257 4689 ι
2054 4706 2059 4711 ·
3845 4678 4054 4767 quo·-
