4390 5773
844 345 2606 481 VIRIUMrVIVARUM.
3061 406 3214 483 251

400 557 590 636 nem
635 547 1054 662 temporis,
1118 573 1283 659 quo
1332 545 1655 631 durante
1700 561 1963 642 motus
1996 543 2228 630 fuerit
2263 545 2726 662 produciuffi
2789 575 2890 635 eo
2925 547 3224 634 facilius

369 668 821 766 ,admittere
878 664 1175 750 debent
1208 725 1235 764 ,
1298 661 1521 778 quod
1576 687 1835 747 motus
1886 665 1966 748 in
2016 687 2352 778 utroque
2408 691 2742 782 corpore
2779 725 2804 767 ‚
2855 663 3222 782 adeoque

398 789 645 873 etiam
692 805 999 871 eorum·
1027 784 1273 880 vires,
1338 779 1625 867 eodem
1664 805 2076 895 tempore,
2140 809 2304 867 non
2341 781 2654 871 diverfis
2690 783 3216 902 temporibus,

394 929 785 1018 generatae
830 897 1027 986 sunt.
1150 895 1305 988 Vis
1350 901 1531 984 viva
1585 900 1817 1012 igitur
1858 903 1942 984 in
2007 927 2341 1016 corpore
2385 961 2414 1001 ,
2481 907 2696 1012 cujus
2747 898 2973 987 massa
3032 923 3118 987 ut
3171 903 3208 994 i

394 1029 477 1108 δε
529 1023 885 1122 celeritas
928 1043 1016 1104 ut
1078 1051 1121 1104 2
1165 1077 1191 1117 ,
1256 1045 1433 1102 cum
1478 1015 1567 1101 fit
1619 1017 1857 1130 dupla
1896 1018 2206 1103 alterius
2261 1021 2380 1104 vis
2423 1022 2503 1105 in
2561 1047 2939 1133 corpore,
3003 1020 3226 1128 cujus

365 1137 632 1226 'maffa
678 1164 765 1224 ut
828 1172 871 1226 2
938 1144 1019 1223 δε
1069 1136 1417 1222 celeritas
1450 1159 1537 1220 ut
1598 1168 1631 1222 1
1682 1166 1704 1228 ς
1775 1134 1828 1220 fi
1875 1138 2318 1249 posterioris
2381 1136 2624 1224 maffae
2669 1137 3044 1225 sumamus
3095 1137 3222 1223 di-

392 1259 785 1358 midium,
848 1256 1223 1341 habemus
1258 1248 1561 1338 massam
1598 1255 1871 1366 prioris
1908 1277 1998 1338 ut
2051 1287 2084 1341 1
2136 1282 2322 1339 cum
2345 1257 2735 1344 celeritate
2773 1280 2858 1341 ut
2919 1291 2958 1346 2
2987 1319 3013 1359 ‚
3051 1257 3220 1341 vim
3271 1315 3279 1330 .

390 1377 670 1461 vivam
707 1374 1065 1460 habentis
1102 1371 1539 1490 quadruplo
1578 1374 1953 1482 majorem
1974 1433 2005 1473 ,
2052 1398 2290 1490 quam
2323 1375 2566 1496 habet
2605 1403 2886 1491 corpus
2917 1365 3231 1493 aequaler

394 1521 581 1580 cum
630 1495 1029 1581 celeritate
1080 1514 1167 1586 nt
1232 1521 1305 1577 1.

1534 1683 2052 1781 XXIV.

508 1889 943 2010 Postquam
994 1892 1103 1981 ita
1163 1888 1448 1980 diresste
1510 1889 2116 1978 demonstratum
2154 1890 2264 1977 est
2288 1950 2315 1992 ,
2379 1915 2794 2008 corporum·
2850 1893 2930 1982 in
2987 1921 3212 1984 motu

398 2015 999 2104 constitutorum
1044 2015 1247 2098 vires
1289 2013 1509 2098 vivas
1526 2071 1567 2113 „
1615 2005 1743 2124 seu
1782 2009 2181 2096 facultates
2209 2008 2491 2122 agendi
2513 2071 2546 2113 ‚
2609 2008 2756 2099 esse
2794 2014 2875 2097 in
2908 2015 3212 2102 ratione

392 2130 795 2244 duplicata
830 2131 1336 2232 velocitatum
1364 2191 1392 2230 ‚
1453 2127 1505 2215 fi
1535 2125 2053 2241 corporafint
2098 2129 2465 2240 aequalia,
2501 2135 2612 2214 ’δε
2660 2134 2741 2215 in
2783 2130 3211 2246 composita

394 2277 497 2334 ex
534 2250 845 2333 ratione
875 2247 1006 2332 illa
1040 2241 1429 2362 duplicata
1466 2247 1974 2332 velocitatum
2008 2244 2449 2360 &simplici
2476 2248 2897 2350 massarum,
2945 2248 2998 2334 fi
3033 2277 3210 2335 cor-

270 2401 281 2410 ·
390 2394 595 2482 pora
657 2362 827 2450 sunt
886 2367 1349 2479 inaequalia3
1428 2367 1585 2473 jam
1635 2364 1845 2449 nulla
1911 2356 2240 2478 superest
2293 2362 2694 2452 difficultas
2749 2369 2948 2451 circa
3003 2367 3212 2456 veri-

392 2508 647 2569 tatem
698 2479 1062 2599 Principii
1106 2480 1597 2580 Leibnitim,
1637 2479 1739 2566 de
1783 2506 2200 2592 corporum
2249 2483 2542 2568 viribus
2580 2481 3032 2570 aestimandis
3069 2513 3212 2599 per

392 2600 849 2686 altitudines
887 2661 916 2701 ,
1004 2599 1107 2685 ad
1230 2626 1361 2683 uas
1418 2591 1964 2685 adscendendo
2024 2591 2193 2684 suas
2260 2600 2720 2688 velocitates
2781 2602 3146 2687 amittunt
3176 2661 3205 2704 ‚

390 2720 584 2818 vel,
650 2745 789 2830 per
834 2746 1025 2833 quas
1062 2630 1607 2805 descendendo
1654 2745 1751 2800 ex
1804 2716 2071 2830 quiete
2129 2713 2434 2804 easdem
2491 2720 2919 2833 acquirunt.
3015 2711 3209 2806 Ete-

390 2840 563 2924 nim
608 2898 639 2938 ,
702 2863 879 2921 cum
936 2838 1232 2925 constet
1260 2896 1289 2936 ‚
1352 2865 1451 2921 ex
1505 2829 1921 2921 Galihednis
1945 2895 1971 2935 ‚
2035 2834 2483 2923 altitudines
2537 2838 2704 2922 illas
2754 2833 2908 2923 effe
2951 2838 3029 2921 in
3060 2837 3206 2923 du-

384 2956 682 3069 plicata
731 2956 1035 3042 tatione
1079 2955 1555 3041 celeritatum
1580 3012 1609 3053 ‚
1672 2978 1905 3069 quam
1950 2957 2372 3062 convenire
2412 2956 2819 3067 prohavim
2829 2983 2915 3041 us
2971 2957 3205 3040 ratio-

386 3076 475 3157 ni
530 3073 863 3165 vitium3
927 3071 1201 3188 quidni
1257 3099 1448 3277 εῐῗο
1499 3063 1894 3158 adscensus
1944 3071 2075 3154 vel
2124 3066 2520 3161 descensus
2562 3074 2914 3190 gravium
2953 3066 3206 3160 rectis-
3295 3180 3302 3186 ,

386 3190 581 3279 fime
632 3218 781 3308 pro
824 3190 1107 3285 virium
1160 3218 1339 3280 men
1372 3216 1501 3277 ura
1553 3185 2018 3277 sumerentur
2036 3194 2074 3273 i·
2976 3202 2980 3209 ·

1537 3400 1954 3497 XXV.

504 3624 745 3717 Hinc
808 3630 1174 3745 intelligis
1201 3690 1229 3729 ‚
1309 3626 1743 3742 quamlibet
1806 3626 2153 3741 corporis
2222 3626 2473 3739 gravis
2536 3624 2981 3741 particulam
3043 3626 3202 3713 ele-

388 3774 822 3835 mentarem
862 3810 892 3851 ,
956 3778 1143 3833 cum
1190 3740 1583 3832 descendit
1640 3747 1772 3831 vel
1818 3740 2155 3829 ascendit
2194 3772 2334 3857 per
2383 3743 2646 3831 datam
2683 3742 3201 3843 altitudinem,

389 3890 692 3952 tantam
741 3868 1137 3983 acquirere
1216 3864 1349 3950 vel
1404 3864 1769 3949 amittere
1821 3864 1983 3947 vim
2032 3863 2299 3946 vivam
2355 3862 2456 3945 ab
2517 3862 2818 3946 afflone
2872 3864 3204 3974 gravita-

392 3985 484 4069 tis
510 4045 539 4085 ,
604 4008 977 4098 quantam
1024 3984 1453 4096 acquireret
1502 3981 1633 4067 vel
1676 3983 2065 4067 amitteret
2088 3980 2224 4088 *ab
2269 3982 2580 4063 afflone
2630 3978 2850 4065 seriei
2894 3980 3202 4064 elastro-

396 4130 559 4187 rum
593 4162 625 4203 ,
690 4100 887 4187 datae
959 4100 1347 4187 altitudini
1394 4098 1704 4216 aequalis
1750 4130 1773 4190 3
1839 4096 2095 4212 pofito
2120 4157 2149 4197 ,
2213 4090 2498 4183 scilicet
2526 4157 2552 4197 ‚
2610 4098 2879 4182 clastra
2930 4100 3014 4181 vi
3073 4124 3199 4183 ea-

252 4304 305 4351 »
392 4218 573 4305 dem
625 4247 978 4332 premere
1028 4246 1185 4334 qua
1240 4245 1461 4335 urget
1503 4219 1835 4332 gravitas
1872 4250 1898 4309 3
1964 4215 2119 4303 five
2161 4215 2248 4299 id
2293 4212 2427 4299 fiat
2476 4210 2834 4302 deorsum
2885 4214 3203 4302 truden-

383 4337 499 4422 do
561 4340 1013 4451 particulam
1060 4338 1628 4429 elementarem
1665 4396 1692 4437 ,
1774 4364 1913 4450 per
1990 4332 2316 4451 modum
2379 4336 2972 4421 accelerationis
3029 4362 3202 4449 gra-

379 4458 617 4541 vium
668 4450 1295 4544 descendentium
1325 4474 1382 4557 ,’
1414 4453 1603 4539 dum
1645 4456 1909 4542 elastra
1962 4447 2037 4542 se
2076 4452 2400 4538 dilatant
2438 4513 2467 4554 ‚
2531 4452 2688 4540 five
2723 4450 2982 4540 eidem
3031 4480 3203 4565 par-

388 4572 649 4663 ticulae
689 4576 1143 4667 elementari
1188 4569 1603 4667 resistendo
1629 4632 1659 4678 ,
1721 4602 1863 4692 per
1894 4570 2225 4771 mod111m
2270 4568 2808 4660 retardationis
2850 4572 3202 4772 graffium

1454 4752 1457 4755 -
1960 4756 1979 4767 ..
2172 4716 2204 4775 ι
2323 4719 2368 4775 2
2545 4758 2553 4770 .
2739 4713 2744 4719 ·
2889 4716 2932 4775 a
3020 4716 3199 4773 cen-
