4390 5773
1088 403 2173 498 SPHAERIGIS.
2943 433 3102 518 213

1289 537 2135 700 ΒειιΝιτιᾲ

452 799 745 900 tp'uydoie
766 802 1057 896 sphaerica
1106 803 1200 878 est
1244 830 1448 880 curva
1488 806 1560 879 in
1600 803 1939 902 superficie
1978 803 2284 903 sphaerica
2324 803 2637 901 descripta
2669 828 2708 880 a
2750 807 3002 900 pundo
3032 803 3106 878 in

370 900 693 1072 wileria
729 901 898 976 basis
934 905 1207 997 alicujus
1254 907 1407 978 coni
1456 907 1617 1000 recti
1664 905 1940 996 assumto
1988 957 2014 994 ,
2077 907 2250 980 'dum
2301 906 2454 979 coni
2503 905 2699 996 hujus
2759 904 3107 998 perimeter

541 999 837 1074 volvitur
889 1003 963 1076 in
1023 1002 1549 1080 circumferentia
1611 1005 1883 1098 alicujus
1924 1006 2147 1079 circuli
2186 1005 2450 1078 immoti
2472 1055 2495 1092 ,
2543 1003 2790 1076 vertice
2836 1003 2989 1076 coni
3033 1001 3110 1074 in

368 1117 561 1173 centro
600 1095 861 1191 spbaerae
910 1097 1147 1196 [cujus
1188 1103 1406 1183 radius
1445 1121 1663 1198 aequat
1701 1107 1869 1176 latus
1909 1100 2115 1196 coni]
2164 1105 2451 1177 immoto
2485 1119 2816 1175 manente.

444 1191 602 1266 Bafis
644 1199 796 1270 coni
830 1197 1083 1284 dicatur
1126 1203 1353 1276 itidem
1384 1205 1662 1294 Circulm
1690 1217 2061 1299 generator,
2112 1207 2176 1277 &
2221 1203 2500 1294 circulus
2520 1251 2544 1288 ,
2584 1199 2775 1294 super
2810 1223 2946 1294 quo
2987 1199 3111 1274 cir-

365 1290 519 1362 culus
552 1314 903 1388 generator
944 1299 1246 1374 volvitur
1266 1351 1293 1388 ‚
1330 1302 1423 1374 it'a
1465 1313 1541 1374 u't
1576 1299 1843 1396 singulae
1877 1320 2089 1396 partes
2130 1302 2508 1396 peripheriae
2539 1299 2940 1395 generatoris
2977 1293 3110 1388 fin-

363 1390 503 1482 gulis
548 1393 840 1488 partibus
878 1399 1257 1492 peripheriae
1296 1399 1493 1493 hujus
1527 1399 1873 1484 succeffive
1898 1401 2306 1495 applicentur
2335 1451 2360 1487 ‚
2408 1400 2660 1472 dicatur
2690 1397 2966 1476 Circnltae
2991 1403 3110 1468 im-

362 1487 578 1561 mobilis.
680 1493 837 1567 Hoc
867 1515 1057 1567 motu
1082 1547 1106 1583 ,
1169 1499 1443 1591 planum
1494 1499 1718 1571 circuli
1766 1499 2167 1592 generatoris
2225 1496 2605 1592 constanter
2645 1494 2805 1568 dato
2835 1495 3112 1590 {angulo

360 1585 425 1656 ad
460 1588 723 1678 planum
760 1591 985 1666 circuli
1027 1594 1386 1669 immobilis
1430 1597 1823 1669 inclinatum
1864 1595 1981 1670 est.
2264 1605 2274 1622 ‘
3418 1679 3426 1688 ,

440 1685 499 1757 si
540 1711 749 1773 conus
795 1695 1009 1764 rctstus
1062 1695 1117 1788 A
1144 1695 1194 1784 B
1224 1695 1331 1780 C,
1388 1690 1563 1799 [fig.
1615 1692 1707 1788 ζ]
1752 1695 1937 1788 cujus
1966 1692 2135 1768 bafis
2167 1693 2263 1771 est
2305 1693 2584 1768 circulus
2621 1691 2848 1767 ΑΗΒ
2885 1689 3107 1766 revol-
3173 1664 3442 1816 {1232

358 1797 527 1894 yatur
578 1785 749 1860 circa
800 1790 1122 1863 verticem
1177 1789 1370 1864 suum
1418 1795 1479 1865 C
1500 1844 1526 1880 ,
1568 1811 1646 1866 ut
1688 1789 2213 1866 circumferentia
2257 1791 2426 1866 basis
2481 1795 2534 1866 B
2555 1794 2614 1866 A
2636 1791 2712 1863 H
2756 1808 3108 1864 moveatur
3209 1834 3338 1912 rig.
3363 1850 3416 1897 ι.

356 1902 415 1948 m
453 1881 971 1960 circumferentia
1032 1891 1258 1968 BDE
1298 1891 1564 1964 alterius
1608 1892 1831 1966 circuli
1886 1893 2021 1966 BE
2074 1909 2306 1965 centro
2359 1893 2421 1966 C
2469 1895 2533 1964 &
2575 1888 2767 1962 radio
2802 1889 2931 1962 CB
2973 1885 3112 1966 des-
3227 1905 3230 1912 ·
3296 1941 3303 1946 .
3359 1949 3366 1958 .

356 1977 563 2072 cripti5
599 1983 724 2056 erit
760 1985 1040 2061 circulus
1081 1990 1137 2060 A
1160 1990 1302 2061 ΗΒ
1350 2008 1682 2085 generator
1702 2042 1727 2077 ,
1788 1993 1854 2072 δε
1896 1990 2175 2078 circulus
2219 1991 2356 2063 BD
2378 1991 2435 2064 E
2479 1989 2534 2060 is
2558 2041 2583 2076 ‚
2641 1987 2754 2080 qui
2788 1986 3110 2089 '⁰²⁷¹m9bilf‘.

352 2097 651 2188 yooetur,
694 2083 757 2160 ἃ
788 2089 1117 2178 punctum
1166 2087 1223 2160 L
1270 2089 1339 2159 in
1390 2091 1746 2182 perimetro
1792 2089 2017 2162 circuli
2070 2089 2476 2183 generatoris
2519 2085 2939 2160 revolutione
2989 2087 3111 2157 hu-

349 2195 437 2262 ‚us
480 2176 697 2251 circuli
742 2178 933 2276 super
972 2184 1333 2278 peripheria
1378 2189 1434 2258 L
1460 2187 1529 2260 D
1552 2190 1609 2261 E
1644 2238 1666 2274 ‚
1718 2183 2037 2262 describet
2079 2189 2150 2258 in
2204 2183 2540 2285 superficie
2605 2182 2910 2282 sphaerica
2965 2207 3115 2275 cur-2

349 2291 485 2347 vam
530 2278 585 2350 L
602 2277 733 2369 FE
750 2330 775 2366 2
826 2306 1033 2374 quam
1072 2283 1502 2382 Epiqyclpi‘dem
1538 2286 1886 2376 sphaericam
1934 2285 2211 2384 appe-llo.
2347 2277 2356 2286 ’

426 2372 671 2487 Radius
716 2375 977 2472 sphaerae
1018 2381 1089 2453 in
1130 2383 1319 2474 cujus
1363 2380 1699 2478 superficie
1748 2383 2118 2480 Epicyclois
2160 2382 2465 2480 sphaerica
2525 2379 2912 2484 describitur
2933 2429 2958 2469 ‚
3009 2375 3105 2450 est

346 2465 569 2564 ubique
619 2477 887 2570 aequalis
930 2479 1117 2552 lateri
1167 2481 1321 2554 coni
1366 2483 1425 2554 C
1444 2483 1519 2572 Β,
1919 2493 1927 2501 ’
2138 2485 2153 2500 '
2198 2493 2204 2500 ’

426 2571 589 2658 Non
656 2592 881 2660 autern
926 2575 1173 2666 neceffe
1230 2577 1325 2650 est
1389 2599 1466 2654 ut
1530 2579 1809 2672 circulus
1849 2579 2224 2656 immobilis
2285 2578 2368 2676 fit
2411 2579 2693 2656 circulus
2746 2579 2819 2652 in
2864 2575 3134 2671 sphaera·

346 2671 665 2787 maximus
718 2693 793 2747 ut
815 2679 933 2770 fig.
992 2699 1055 2752 1.
1102 2676 1327 2750 Potest
1386 2679 1584 2770 etiam
1642 2677 1763 2752 effe
1806 2681 2085 2772 circulus
2134 2681 2406 2770 minor,
2481 2697 2558 2752 ut
2589 2683 2708 2777 fig.
2757 2697 2803 2754 2
2829 2726 2854 2764 ‚
2905 2676 3108 2748 circu-
3181 2658 3236 2734 T
3267 2674 3314 2738 Α
3344 2673 3410 2740 B·

341 2765 433 2837 lus
478 2793 559 2883 ex
598 2771 923 2847 diametro
962 2773 1132 2862 Bs,
1208 2800 1363 2848 nam
1416 2775 1467 2850 fi
1536 2779 1605 2849 in
1658 2778 2187 2852 circumferentia
2253 2777 2446 2872 hujus
2493 2777 2718 2870 circuli
2756 2826 2780 2863 ,
2833 2774 3110 2848 circulus
3171 2755 3432 2904 >gym-

344 2886 423 2935 cx
467 2866 783 2946 diametro
831 2873 958 2963 AB
1018 2875 1133 2967 qui
1198 2873 1291 2957 est
1339 2873 1507 2959 basis
1549 2877 1703 2951 coni
1765 2879 1925 2967 redii
1972 2879 2187 2953 BAC
2237 2877 2416 2955 dieto
2459 2879 2666 2955 modo
2725 2873 3043 2955 volvatur
3081 2923 3109 2961 ,
3261 2857 3318 2933 ὅ·
3357 2855 3420 2924 3⁸·

340 2980 413 3033 ut
454 2960 719 3059 fingulae
764 2987 981 3061 partes
1020 2973 1215 3061 hujus
1258 2970 1527 3062 singulis
1574 2974 1873 3063 partibus
1920 2976 2302 3063 peripheriae
2330 2976 2553 3055 circuli¹
2585 2972 2945 3061 immobilis
2970 2970 3111 3039 suc-

342 3058 563 3137 oeffive
618 3066 1075 3159 applicentur,
1128 3070 1455 3161 punitum
1500 3065 1867 3140 describens
1918 3068 2308 3143 etiamnunc
2341 3067 2602 3138 incedet
2639 3064 2711 3139 in
2741 3064 3114 3158 Epicycloi-

340 3158 413 3241 de
456 3159 529 3233 in
574 3160 913 3256 superficie
947 3162 1207 3258 sphaerae
1248 3166 1301 3241 B
1327 3168 1381 3241 A
1409 3169 1450 3240 S
1504 3162 1705 3239 deseri
1754 3182 1821 3242 ta
1846 3215 1871 3252 ,
1916 3162 2051 3239 five
2092 3165 2374 3237 circulus
2409 3182 2758 3257 generator
2801 3178 2980 3233 extet
3009 3158 3114 3249 suff

336 3280 445 3351 pra
480 3260 761 3353 planum
810 3264 1032 3336 circuli
1074 3263 1431 3338 immobilis
1474 3266 1527 3337 B
1552 3250 1593 3338 S
1623 3315 1649 3352 ‚
1744 3288 1830 3339 ve
1864 3262 2083 3337 subter
2109 3264 2286 3338 idem
2328 3263 2600 3355 planum
2655 3256 2978 3353 depreffus
3013 3256 3118 3357 fit.-

420 3358 503 3429 In
542 3360 741 3431 omni
781 3360 933 3447 casu
974 3364 1247 3457 planum
1296 3361 1519 3455 circuli
1570 3364 1972 3457 generatoris
2018 3362 2099 3437 ad
2160 3362 2435 3455 planum
2477 3360 2700 3433 circuli
2746 3355 3112 3443 immobilis

336 3450 475 3527 flato
518 3458 774 3552 angulo
836 3460 1226 3535 inclinatum
1296 3460 1388 3533 est
1418 3512 1443 3548 ‚
1512 3462 1583 3533 in
1637 3464 1757 3558 fig.
1802 3468 2007 3552 prima
2076 3462 2322 3553 angulo
2395 3460 2603 3533 ABC
2647 3508 2671 3545 ,
2736 3458 2805 3529 in
2841 3455 3116 3549 ,ll-cumin⁴

334 3574 481 3626 vero
518 3556 777 3649 angulo
830 3561 1090 3645 ABR,
1142 3556 1192 3633 fi
1234 3560 1515 3632 circulus
1562 3560 1685 3633 AB
1735 3557 1815 3631 fit
1857 3556 2047 3655 super
2073 3561 2274 3654 plano
2327 3560 2378 3630 B
2404 3558 2447 3631 S
2475 3608 2499 3644 ‚
2549 3558 2658 3635 vel
2699 3554 3111 3649 supplemen-

336 3664 397 3719 to
436 3654 671 3747 anguli.
713 3658 966 3755 ABR,
1008 3654 1057 3732 fi
1087 3655 1167 3730 fit
1211 3656 1433 3731 subter
1462 3660 1661 3753 plano
1702 3660 1753 3731 B
1782 3660 1866 3754 R.
1968 3660 2051 3730 In
2097 3659 2283 3729 omni
2327 3680 2411 3727 ex
2462 3653 2628 3727 hisce
2668 3650 2920 3726 cafibus
2966 3654 3115 3733 lon-

334 3748 543 3841 gitudo
586 3752 1038 3845 Epicyclo'r'dis
1089 3754 1183 3828 est
1232 3756 1310 3827 ad
1367 3758 1763 3829 diametrum
1806 3756 2031 3829 circuli
2079 3755 2484 3849 generatoris
2513 3754 2582 3823 in
2635 3752 2892 3831 ratione
2937 3750 3114 3847 datus

332 3844 417 3921 Ad
458 3850 529 3940 id
572 3848 1075 3949 ostendendum
1122 3852 1545 3951 sequentibus
1590 3854 2046 3953 Lemmatibus
2091 3880 2259 3948 opus
2305 3850 2642 3927 habemus.
2711 3848 2719 3855 ‘

1308 4072 1937 4169 lemrrA
2049 4070 2104 4143 L

284 4344 297 4357 .
402 4280 597 4355 Datis
652 4278 971 4355 lateribus
1014 4254 1325 4373 trianguli
1390 4257 1849 4373 obliquanguli
1902 4273 1993 4347 be.
2030 4274 2099 4361 β
2124 4324 2147 4361 ,
2199 4268 2377 4369 [fig.
2419 4265 2544 4363 3.]
2593 4292 2833 4365 nempe
2881 4266 2994 4360 βε
3041 4272 3106 4347 δε
3169 4292 3232 4360 Τ
3262 4300 3310 4361 Λ
3347 4300 3413 4364 B.

310 4372 390 4447 be
420 4430 445 4465 ,
497 4370 594 4455 δι’
616 4380 868 4473 angulo
896 4379 1263 4472 intercepto
1306 4376 1391 4449 be
1424 4380 1527 4465 β)
1582 4377 1885 4455 invenire
1934 4376 2204 4445 tertium
2257 4372 2428 4444 latus
2470 4370 2602 4456 [νβ.
3163 4380 3428 4443 XLvnr.

396 4479 745 4553 Dicentur
768 4478 1115 4567 ’βε-ΞΡ,
1154 4475 1484 4569 aba-sq,
1519 4473 1696 4559 finus
1722 4474 1947 4567 anguli
1974 4471 2382 4565 11⁶²sssssp
2424 4466 2601 4541 finus
2627 4467 3095 4561 complementi
3163 4464 3285 4539 rig.
3329 4478 3385 4557 3,-

304 4574 533 4673 ⁴==b,
570 4576 665 4655 ad
686 4576 951 4669 radium
969 4590 1151 4657 '7-221
1181 4621 1209 4671 2
1236 4577 1491 4673 critque
1518 4574 1689 4655 latus
1709 4568 2059 4744 quaefitssmg
2088 4566 2128 4640 b
2149 4572 2362 4759 ξιτ-
2379 4564 2484 4664 ss(
2493 4562 3106 4739 ῃῖαὸίς-ΙΕ-ςὲὲ
