4390 5773
1290 491 1461 574 ηε
1638 463 2530 604 Ν·.εΧΧΧνῃ.
2655 455 3804 556 THEOREMATA

1290 649 1697 772 praesertim
1748 615 1925 764 p‘ro'
1948 649 2202 734 lubitu
2261 657 2692 761 temperare
2743 647 2976 732 liceat
3021 639 3456 733 descensum
3484 704 3516 747 ,
3577 669 3666 730 ut
3728 652 4085 728 centrum

1290 799 1450 858 tam
1505 772 1757 869 lente,
1818 795 2053 881 quam
2110 765 2474 852 volumus
2491 823 2518 863 ‚
2579 758 3040 858 descendat,
3102 763 3478 878 adeoque
3537 786 3843 876 tempus
3909 753 4082 845 des-·-

1286 884 1549 977 census
1610 914 1745 998 per
1828 881 2262 996 quamlibet
2329 871 2818 966 altitudinem
2887 870 2958 964 E
2978 875 3064 966 A
3142 877 3564 967 commode
3650 875 4080 988 comparari

1286 1005 1509 1122 poffit
1546 1031 1721 1086 cum
1758 995 2111 1084 descensu
2162 997 2506 1082 naturali
2543 992 2892 1110 gravium
2943 995 3384 1082 cadentium
3407 1058 3431 1094 ‚
3493 1023 3662 1110 quae
3707 995 4078 1078 nimirum

1284 1151 1447 1212 uno
1509 1113 1845 1202 secundo
1918 1147 1950 1201 1
1974 1147 2013 1220 5
2080 1113 2264 1226 ped.
2327 1109 2537 1225 Reg.
2601 1107 2834 1197 Paris.
2899 1115 3194 1198 circiter
3253 1141 3300 1196 a
3357 1116 3626 1225 quiete
3697 1110 4082 1198 delabun-

1284 1268 1435 1326 tur.
1496 1233 1625 1324 Ut
1676 1236 1885 1320 enim
1938 1229 2348 1317 lentiffime‘
2369 1224 2780 1315 descendat
2799 1289 2825 1329 ‚
2891 1230 3306 1317 mInuenda
3330 1232 3442 1317 est
3483 1248 3783 1316 tantum
3826 1259 4074 1345 quan-

1284 1381 1452 1442 tum
1524 1349 1694 1436 satis
1764 1350 1963 1434 ratio
2038 1341 2231 1431 CA
2260 1346 2395 1431 'ad
2453 1331 2652 1433 CB.
2793 1341 3112 1432 Possunt
3162 1369 3484 1462 quoque
3541 1375 3644 1434 ex
3690 1349 4078 1461 principio

1236 1498 1243 1505 ·
1283 1467 1883 1560 conservationis
1932 1467 2214 1550 virium
2283 1465 2638 1547 vivarum
2713 1461 3207 1550 determinari
3265 1464 3482 1577 leges
3545 1470 4078 1551 communica-

1282 1591 1518 1678 tionis
1574 1609 1833 1668 motus
1881 1605 2026 1695 pro
2083 1578 2535 1690 corporibus
2586 1578 2920 1692 perfetste
2969 1581 3288 1664 e‘lasticis
3303 1640 3332 1681 ,
3391 1607 3563 1694 quae
3613 1581 3950 1669 rotando
3995 1578 4076 1668 se

1282 1729 1559 1792 mutuo
1608 1698 2010 1812 impellunt
2027 1758 2055 1797 ,
2114 1690 2248 1781 sed
2303 1694 2702 1783 brevitatis
2754 1698 2994 1812 gratia
3041 1723 3174 1784 eas
3242 1697 3369 1781 hic
3415 1724 3580 1784 non
3651 1700 4004 1813 exprimo
4041 1761 4072 1800 ‚

1284 1817 1543 1908 sufficit
1598 1843 1913 1900 monere
1966 1843 2093 1900 eas
2145 1841 2244 1900 ex
2297 1834 2514 1927 parte
2577 1810 3022 1926 dependere
3075 1833 3124 1900 a
3183 1813 3422 1927 figura
3474 1833 3882 1928 corporum
3936 1844 4066 1902 ro·

1278 1935 1632 2024 tantium.
1750 1925 2022 2020 Multa
2090 1931 2239 2014 alia
2288 1955 2492 2016 nunc
2552 1951 2780 2014 taceo
2820 1991 2848 2030 ,
2911 1952 3083 2044 quae
3141 1926 3563 2019 commode
3615 1961 3753 2046 per
3831 1932 4068 2019 theo-

1278 2057 1471 2140 riam
1518 2050 1795 2134 virium
1842 2049 2201 2130 vivarum
2259 2046 2618 2159 explicari
2669 2066 2802 2130 aut
2851 2041 3043 2132 solvi
3091 2043 3440 2160 possunt,
3503 2071 3673 2164 quae
3717 2071 3910 2134 ’vero
3963 2077 4069 2136 ex

1278 2167 1443 2256 aliis
1478 2165 1863 2280 principiis
1904 2161 2309 2249 difficulter
2331 2223 2359 2263 ,
2423 2189 2567 2250 nec
2622 2161 2776 2248 fine
2829 2162 3280 2278 ambagibus
3305 2224 3332 2264 ‚
3395 2163 4002 2251 determinantur
4033 2225 4062 2266 ‚

1342 2287 1561 2370 uibus
1612 2293 2045 2394 annumero
2065 2340 2092 2379 ,
2152 2307 2322 2394 quae
2384 2271 2715 2391 superius
2790 2279 2951 2367 dixi
3019 2283 3218 2366 circa
3287 2267 3760 2368 vibrationes
3832 2283 4066 2369 chor-³

1278 2421 1289 2432 ·
1334 2429 1547 2487 arum
1597 2405 1679 2484 δὲ
1729 2392 2240 2483 oscillationes
2285 2395 2694 2480 'fluidorum
2739 2396 2818 2483 in
2869 2395 3076 2482 tubis
3111 2396 3448 2499 reflexis,
3504 2421 3650 2486 'nec
3702 2423 3862 2484 non
3915 2427 4016 2486 ea
4033 2457 4064 2501 ,

1274 2547 1446 2634 quae
1505 2517 1608 2602 de
1665 2513 2027 2630 gravibus
2098 2511 2435 2599 rotando
2516 2507 3194 2614 descendentibus,
3255 2515 3386 2601 vel
3443 2513 3547 2599 de·
3605 2517 4066 2630 corporibus

1274 2633 1611 2720 rotando
1664 2634 1743 2716 in
1796 2623 1871 2716 se
1920 2628 2256 2716 invicem
2315 2631 2912 2744 impingentibus
2965 2624 3308 2743 exposui.
3429 2625 3779 2733 Caetera,
3829 2659 4065 2746 argu*

1274 2771 1618 2838 mentum
1661 2747 1889 2862 plane
1925 2748 2033 2832 cst
2064 2775 2362 2832 novum
2397 2753 2480 2830 δε
2519 2750 2708 2832 nulli
2745 2751 3147 2845 hactenus,
3197 2753 3578 2860 quantum
3609 2745 3765 2858 scio
3789 2811 3818 2852 ,
3867 2777 4056 2832 cona

1270 2868 1701 2955 fidet-atum.
1820 2857 2546 2953 Demonstrationes
2601 2866 2747 2953 alia
2805 2865 2977 2955 vice
3031 2863 3360 2952 mittam«.

2243 3052 3118 3175 Monifu'u.

1384 3302 1897 3433 Experimento?
1944 3318 2330 3430 desiderum
2375 3330 2460 3405 in
2511 3319 2786 3409 Scholia
2850 3298 3340 3409 Theorematis
3393 3336 3439 3417 8
3462 3386 3488 3427 ,
3505 3326 3814 3434 suerum
3850 3314 4058 3433 hsti-

1266 3452 1432 3525 οντα
1480 3433 1977 3546 αϊτκητὲβῐηιε
2020 3446 2106 3521 in
2156 3440 2452 3547 diversis
2498 3440 2934 3555 corporibus,
2995 3471 3214 3555 eaque
3247 3446 3466 3555 plane
3517 3472 3678 3525 cum
3741 3440 4058 3529 Thema

1260 3563 1640 3635 convenire
1691 3553 2138 3661 observatum
2175 3559 2366 3663 sitit.
2485 3556 2579 3641 In
2603 3559 2939 3671 stquenti
2989 3556 3298 3670 Epaestola
3345 3563 3456 3641 aad
3493 3559 3572 3643 F
3557 3562 3772 3643 iliam
3823 3567 4010 3645 data
4024 3624 4054 3654 ,

1265 3669 1452 3751 ulia
1516 3670 1623 3750 ad
1667 3669 1798 3751 hoc
1850 3673 2352 3783 &rgumhtm
2397 3680 2840 3781 pertinentia
2888 3699 3105 3789 atque
3167 3686 3252 3759 in
3307 3681 3616 3761 &tinum
3643 3677 4056 3784 sermonem

1262 3782 1475 3893 versi
1522 3784 1852 3897 rfiripfit
1902 3788 2153 3870 horum
2213 3786 2764 3875 Theor‘ematum
2819 3792 3128 3899 Αιιέῗον.
3493 3894 3500 3901 ,

1386 3898 1591 3989 Non
1644 3902 2043 4003 dubitavi,
2084 3907 2274 4019 quin
2325 3905 2547 3994 facile
2592 3910 2980 3997 invenires
3021 3907 3711 3999 demonstrationes
3757 3906 4058 4000 Theo-

1262 4044 1635 4107 tematum
1664 4048 2013 4107 meorum
2040 4082 2065 4121 ,
2127 4023 2286 4137 ope
2330 4025 2679 4139 principii
2707 4019 3305 4113 conservationis
3343 4027 3619 4115 virium
3663 4032 4056 4131 vivarum,

1256 4140 1344 4221 ’ἀ
1390 4136 1698 4247 gaudeo
1736 4136 1819 4222 'te
1864 4139 2013 4222 alia
2054 4134 2320 4225 eruisse
2375 4142 2636 4227 similia
2657 4179 2690 4223 ·.·
2749 4146 3048 4257 gratum
3088 4168 3411 4257 quoque
3459 4146 3608 4232 fuit
3644 4176 3742 4233 ex
3785 4170 3866 4233 te
3924 4150 4058 4233 in-

1260 4248 1606 4362 telligere
1632 4313 1658 4350 ‚
1721 4248 1875 4335 ta'm
1912 4256 2224 4367 egregie
2255 4250 2692 4345 Theoriam
2740 4262 2951 4343 istam
2996 4264 3534 4372 experimentis
3575 4262 4052 4351 confirmari.

1254 4360 1731 4477 Sententiam
1780 4396 2035 4455 meam
2090 4368 2193 4455 de
2242 4372 2585 4461 tensione
2661 4374 2773 4459 fili
2827 4398 3108 4490 corpus
3155 4402 3416 4467 rotans
3483 4376 3900 4468 sustinentis
3961 4386 4057 4469 in

1258 4476 1797 4571 Theoremate
1852 4488 2182 4587 octavo,
2249 4516 2482 4605 quam
2543 4487 2723 4579 scire
2770 4496 2982 4605 cupis
3018 4554 3038 4592 ‚
3094 4496 3250 4603 jam
3297 4516 3558 4584 tecum
3609 4503 4048 4585 communia-

1254 4598 1459 4686 cabo
1477 4662 1508 4703 ,
1558 4630 1666 4691 ex
1709 4628 1863 4720 qua
1916 4604 2217 4719 patebit
2245 4664 2278 4713 ,
2337 4604 2488 4700 'effe
2541 4610 2968 4705 tensionem
3015 4610 3128 4699 fili
3169 4616 3646 4707 constantem
3667 4676 3702 4718 ,
3761 4615 4050 4704 duran-·-

1466 4760 1471 4765 ’
3961 4756 4058 4819 te

2403 4810 2506 4823 —--
