4390 5773
1532 413 1623 523 [
1701 435 1741 496 2
1766 439 1808 501 1
1826 444 1858 503 1
1981 409 2135 524 ]
2678 434 2691 449 ·
3144 437 3151 442 ’

398 645 1195 750 nemmem
1046 407 3182 750 Qm⁴ffissfflfflsseffl

392 753 3168 876 mmlmmmmmwu
3309 806 3316 824 .

839 961 847 970 ·
1466 931 1623 1025 N‘.
1715 925 2095 1072 CXLI.

746 1143 969 1237 DE
1085 1145 2974 1240 EPICYCLOIDIBUS-

1132 1343 1227 1435 In
1260 1351 1631 1460 sperficie
1657 1350 2005 1462 sphaericae
2062 1347 2438 1461 dfirgottk.

982 1545 1271 1632 Auton-
1346 1545 1663 1658 Jacobo
1746 1541 1846 1633 H
1881 1572 1931 1634 Ε
1966 1571 2033 1634 R
2070 1571 2149 1636 Μ
2186 1569 2256 1635 Α
2285 1567 2353 1632 N
2387 1567 2455 1632 N
2491 1569 2586 1634 0.

409 1753 877 1939 TRiginta
922 1745 1209 1858 quatuor
1239 1766 1377 1859 jam
1423 1763 1741 1839 effluxere
1783 1766 1984 1853 anni,
2034 1791 2119 1838 ex
2166 1791 2304 1859 quo
2355 1767 2657 1858 AEnigma
2701 1769 3178 1860 geometricum
3217 1799 3524 1859 emnem,

614 1866 699 1937 de
724 1889 895 1938 miro
925 1863 1190 1958 opificio
1223 1863 1607 1939 Testudinis
1652 1864 2048 1958 quadrabilis
2085 1861 2623 1959 hemisphaeticae,
2667 1870 2918 1939 Autore
2951 1874 3038 1940 D.
3067 1875 3176 1940 Pio

405 1965 551 2054 usti
588 1962 793 2054 PofiHo
837 1971 1165 2038 Geometra
1204 1965 1561 2039 Florentiae
1592 1965 1753 2038 exiit
1783 1965 1859 2036 in
1900 1963 2264 2057 publicum.
2323 1962 2462 2037 Sub
2488 1965 2614 2036 hoc
2646 1966 2964 2052 nomine,
2994 1967 3175 2060 quod

406 2089 509 2156 per
556 2084 981 2157 anagramma
1042 2060 1363 2157 significat
1408 2067 1707 2157 Postremo
1758 2063 2180 2136 Gutum
2240 2061 2600 2152 Discipulo,
2654 2070 2998 2137 Vincmtim
3029 2068 3174 2139 V1-

407 2182 743 2236 vulnus
794 2162 1021 2256 Magni
1084 2164 1291 2235 Ducis
1348 2163 1685 2236 Hetruriae
1738 2162 2248 2237 Mathematicus
2292 2163 2490 2234 latere
2537 2163 2773 2236 voluit.
2875 2165 2940 2236 Is
2997 2165 3179 2238 enim

406 2259 695 2354 irnpreffo
738 2261 1233 2354 programmate
1272 2262 1553 2356 aenigma
1608 2259 1799 2334 suum
1828 2260 2252 2355 peritioribus
2291 2259 2620 2352 Analystis
2659 2263 3182 2335 examinandum

408 2360 895 2432 commendavit
938 2361 1033 2431 his
1070 2360 1334 2434 verbis.
1388 2411 1434 2475 ²³.
1454 2360 1667 2453 Cujus
1708 2356 2172 2454 [aenigmatis]
2219 2359 2546 2433 divinatio
2579 2386 2618 2432 a
2652 2358 2904 2432 secretis
2935 2361 3188 2434 artibus

408 2457 813 2548 „illustrium
860 2457 1326 2551 Analystarum
1369 2461 1655 2555 vigentis
1700 2459 1832 2532 aevi
1890 2463 2347 2553 expectatur,
2411 2460 2594 2551 quod
2645 2459 2720 2531 in
2781 2461 3188 2554 Geometriae

408 2610 447 2647 „
471 2583 634 2652 pura
674 2557 941 2631 historia
984 2555 1319 2674 versatus,
1369 2560 1454 2630 ad
1502 2579 1641 2632 tarn
1680 2559 2023 2632 recondita
2060 2559 2367 2632 videatur
2413 2553 2764 2632 invalidus.

494 2654 715 2751 Ipsum
757 2683 918 2730 vero
962 2658 1243 2748 aenigma
1286 2659 1373 2730 ita
1419 2655 1745 2731 habebat·
1800 2659 2053 2742 „Inter
2091 2655 2495 2730 venerabilia
2529 2659 2691 2728 olim
2735 2657 3010 2731 Graeciae
3039 2653 3190 2730 mod

406 2807 449 2845 „
475 2781 675 2827 nume
680 2775 794 2828 nta
836 2773 1020 2828 extat
1060 2756 1316 2844 adhuc,
1368 2775 1685 2850 perpetuo
1728 2710 1995 2849 quidem
2046 2756 2496 2840 duraturum,
2548 2757 2908 2850 Templum
2952 2755 3186 2850 augus

410 2905 451 2943 „
476 2854 789 2927 tiffimum
832 2855 1296 2950 ichnographia
1326 2854 1623 2929 circulari
1668 2857 1943 2929 ΑῑΜΙΒ,
1996 2857 2590 2929 ΟΒΟΜΒΤΜΕ
2631 2855 2963 2942 dicatum,
2999 2855 3184 2949 quod

408 2954 833 3041 „Testudine
873 2956 1053 3024 intus
1094 2952 1402 3066 perfecte·
1412 2954 1891 3045 hemisphaerica
1934 2957 2232 3043 operitur
2278 2981 2298 3019 ε
2351 2952 2509 3023 sed
2487 2979 2560 3021 m
2594 2957 2714 3022 hac
2749 2954 3188 3025 fenestrarum

407 3070 763 3144 „quatuor
800 3052 1079 3142 aequales
1102 3074 1270 3122 areae
1302 3048 1329 3141 [
1350 3050 1595 3123 circum
1638 3074 1715 3121 ac
1756 3047 1945 3142 supra
1978 3046 2112 3121 bas
2118 3073 2164 3119 n
2219 3046 2656 3142 hemisphaerae
2686 3047 2882 3143 ipfius
2927 3049 3193 3143 disposi-

404 3146 747 3241 ..tatum]
800 3150 915 3221 tali
942 3145 1515 3243 configuratione
1558 3148 2037 3242 amplitudine,
2082 3165 2398 3237 tantaque
2425 3147 2786 3234 industria
2830 3172 2906 3220 ac
2939 3148 3191 3242 ingenii

404 3302 447 3337 „
474 3250 777 3321 acumine
818 3246 969 3321 sunt
1000 3247 1382 3333 exstruclae,
1428 3268 1501 3319 ut
1549 3247 1645 3317 his
1690 3246 2039 3332 detractis,
2090 3243 2406 3338 superstes
2447 3270 2650 3318 curva
2671 3244 3053 3320 Testudinis
3087 3245 3192 3319 su·

402 3346 813 3439 „perficies,
861 3344 1144 3441 pretiolo
1191 3372 1389 3439 opere
1434 3342 1699 3419 mufivo
1744 3364 2025 3432 ornata,
2070 3338 2564 3438 Tetragonil'mi
2608 3371 2686 3418 v
2663 3368 2762 3416 re
2805 3346 3192 3440 geometrici

402 3444 551 3534 „fit
592 3472 663 3517 ca
710 3470 813 3516 ax.

498 3472 908 3634 ,,Ρι-εξῖειιῑίς
947 3544 1311 3639 aenigmatis
1338 3544 1717 3627 enodatio,
1760 3542 1943 3635 quod
1992 3540 2236 3637 spectat
2263 3542 2344 3615 ad
2378 3542 2570 3635 hujus
2609 3541 3010 3615 admirabilis
3055 3540 3193 3617 for-

402 3696 445 3733 „
474 3645 639 3717 uicis
676 3663 823 3715 tum
874 3642 1435 3717 constructionem
1482 3593 2075 3737 expeditiffimam,
2130 3658 2277 3713 tum
2324 3642 2860 3734 quadraturam,
2907 3648 3190 3733 Serenss.

402 3743 1113 3831 „FRRDINANDO
1166 3748 1403 3837 Magno
1448 3746 1712 3831 Principi
1749 3746 2057 3829 Etruria,
2096 3736 2515 3813 scientiarum
2546 3744 2608 3814 &
2652 3740 3061 3813 nobiliorum
3088 3766 3192 3813 ar-

404 3894 445 3929 „
472 3842 647 3915 tium
691 3842 954 3913 Cultori
997 3866 1073 3913 ac
1120 3844 1415 3915 Patrono
1460 3838 2018 3926 Generofiffimo,
2080 3838 2170 3911 ab
2209 3840 2442 3911 eodem
2487 3840 2918 3933 aenigmatista
2966 3838 3191 3915 oblata

402 3992 447 4028 „
472 3942 611 4032 iam
650 3942 785 4011 est·
769 3990 789 4020 ,
840 3940 1249 4033 quiquidem
1292 3936 1485 4013 simul
1522 3964 1663 4010 non
1706 3938 1965 4010 dubitat
1994 3984 2017 4023 ,
2060 3939 2392 4030 quin-hoc
2423 3934 2632 4031 ipsum
2674 3940 2956 4031 aenigma
2981 3961 3020 4010 a
3053 3936 3190 4011 sin-

408 4090 450 4127 „
474 4041 645 4133 gulis
684 4040 1001 4112 litterario
1035 4039 1107 4111 in
1154 4039 1347 4115 Orbe
1388 4034 1777 4133 degentibus
1828 4038 2019 4108 hodie
2058 4034 2551 4130 praeclariffimis
2585 4036 2914 4129 Analystis
2959 4036 3038 4109 sit
3066 4037 3190 4110 [la-

408 4142 597 4227 ,tim
630 4138 1117 4225 divinandum,
1170 4139 1463 4232 proprias
1508 4136 1975 4231 quadrationes
2014 4137 2454 4229 impertiendo
2492 4134 2850 4229 singularis
2879 4137 3190 4210 Testudi-

402 4288 451 4326 ‚‚
480 4240 583 4309 nis
618 4237 811 4331 hujus
863 4235 1405 4341 tetragonismicae
1446 4235 1533 4309 ab
1578 4234 1993 4329 hemispbaera
2040 4233 2363 4323 diffeetae,
2407 4240 2470 4310 &
2515 4234 2806 4330 ipsorum
2849 4254 3216 4330 peracutas·

402 4336 871 4431 „indaginem
918 4331 1431 4430 multiplicesque
1476 4336 1825 4408 industrias
1874 4337 1957 4407 ad
1994 4336 2121 4407 hoc
2166 4360 2380 4407 unum
2429 4336 2734 4451 idemque
2780 4338 3190 4408 collimantes

390 4488 439 4523 2,
468 4436 897 4527 impatienter
935 4440 1279 4531 expectat,
1338 4454 1414 4507 ut
1444 4437 1657 4522 hinc,
1700 4435 1813 4528 qui
1848 4455 2091 4506 temere
2133 4436 2564 4507 contumelias
2609 4435 2676 4505 in
2729 4437 3190 4507 Geometriam

390 4586 437 4621 „
468 4536 691 4625 jacere
732 4534 1026 4622 audent,
1070 4534 1249 4607 silere
1282 4530 1583 4619 discant,
1633 4536 1741 4606 vel
1784 4535 2003 4625 potius
2044 4536 2332 4605 maxima
2371 4560 2526 4607 cum
2568 4558 2733 4605 voce
2776 4536 3188 4606 exclament.

386 4634 643 4721 „Offl
686 4635 879 4710 unica
908 4660 1229 4710 verorum
1254 4631 1751 4710 sciscitabilium
1777 4632 2051 4711 scientia
2082 4658 2118 4702 a
2162 4634 2414 4707 Divina
2458 4634 2533 4711 in
2572 4633 2932 4713 hominum
2969 4649 3198 4700 mente

3289 1876 3478 1939 Acaa.

3255 1958 3513 2101 iffi.

3217 2136 3341 2200 pag
3377 2133 3530 2186 κιο

1998 4732 2137 4803 Dd
2239 4752 2284 4813 2
2865 4722 3194 4825 „infusa,
3279 4782 3290 4796 .
