4390 5773
278 393 291 412 =
411 299 691 438 cun
732 346 941 440 VA
1019 336 1908 446 DESCENSUS
1980 339 2794 469 AEQUABILIS.
2905 299 3152 464 4832

340 501 707 619 incipiens
768 534 918 591 una
978 500 1303 592 secunda
1380 507 1817 620 pervenerit
1890 503 1993 587 ad
2068 499 2161 589 D
2201 565 2228 604 ‚
2307 506 2542 590 altera
2619 498 2946 588 secunda
3003 497 3108 582 ad

338 617 463 720 C,
531 647 849 736 oportet
909 649 993 708 ut
1052 625 1381 708 altitudo
1444 624 1822 708 verticalis
1879 616 2052 706 AF
2113 626 2373 735 puncti
2433 618 2517 707 C
2577 621 2663 706 fit
2733 619 2966 730 dupla
3000 617 3110 700 al-

338 741 682 824 titudinis
745 743 1123 826 verticalis
1184 736 1268 827 A
1294 737 1359 827 E
1416 744 1675 857 puncti
1734 735 1878 831 D3
1944 738 2075 824 vel
2137 735 2189 822 fi
2249 762 2552 852 tempus
2609 767 2744 852 per
2786 731 2983 821 AD
3023 733 3117 819 fit
3293 744 3307 794 Ι

337 855 461 940 ad'
492 882 793 972 tempus
851 886 990 972 per
1048 852 1239 943 AC
1300 882 1385 944 ut
1428 881 1487 972 p
1546 859 1647 944 ad
1706 887 1757 972 q
1788 916 1815 957 ‚
1882 879 2199 968 oportet
2261 879 2344 942 ut
2404 857 2494 942 fit
2551 881 2870 970 quoque
2929 848 3016 938 A
3046 845 3117 936 E

340 971 437 1058 ad
497 969 656 1060 AF
735 1003 823 1059 ut
885 1001 945 1087 p
1003 972 1105 1059 ad
1164 1009 1238 1088 q.
1358 970 1503 1062 Ad
1583 976 1739 1059 hoc
1798 969 2220 1061 Problema
2277 970 2738 1059 solvendum
2771 1033 2797 1072 ,
2893 967 3117 1084 quod

342 1083 513 1176 Dn.
580 1087 1259 1182 LEIBNITIUS
1345 1094 1463 1177 his
1523 1095 1820 1176 circiter
1879 1092 2222 1176 terminis
2282 1093 2622 1203 concipit
2674 1125 2696 1183 3
2776 1089 3118 1172 Invenire

343 1240 649 1291 curvam
706 1210 1061 1317 desteaefits
1075 1273 1105 1312 ,
1203 1220 1283 1294 in
1340 1239 1485 1323 qua
1527 1234 1769 1320 corpus
1812 1211 2224 1314 deficendens
2277 1208 2646 1320 aequalibus
2697 1203 3120 1316 temporibus

340 1332 693 1438 aqualiter
750 1330 1108 1416 horizonti
1166 1337 1675 1441 appropinquat
1732 1357 1757 1417 3
1832 1320 2226 1441 sequentia
2301 1322 2466 1412 sunt
2553 1321 3053 1438 supponenda
3089 1379 3119 1419 ‚
3261 1393 3266 1396 .

340 1473 513 1558 quae
574 1471 737 1528 tum
800 1473 936 1558 per
994 1439 1070 1530 se
1100 1439 1269 1530 satis
1328 1471 1520 1531 nota
1569 1507 1597 1546 ,
1686 1468 1851 1528 tum
1910 1446 1992 1528 in
2048 1444 2410 1559 quolibet
2466 1441 2711 1530 Libro
2772 1439 2874 1526 de
2936 1465 3120 1551 pro-

334 1562 700 1671 jeffilium
762 1586 1029 1648 natura
1091 1587 1371 1677 agente
1429 1562 2067 1674 demonstrantur.

358 1741 365 1746 -
466 1689 577 1766 1⁰.
640 1675 719 1764 Si
782 1708 919 1763 cor
972 1679 1059 1764 us
1120 1679 1599 1766 uniformiter
1658 1678 1789 1762 vel
1850 1679 2324 1790 aequabiliter
2385 1699 2745 1761 movetur
2789 1733 2818 1773 ‚
2897 1694 3124 1756 erunt

336 1789 575 1908 spatia
632 1825 900 1910 percur
928 1823 975 1880 a
1034 1797 1511 1910 temporibus
1569 1798 2177 1908 proportionalia
2232 1829 2252 1886 3
2309 1799 2390 1877 ’δι
2444 1795 2496 1876 si
2563 1795 2724 1877 duo
2792 1815 3123 1900 corpora

336 1914 840 2024 inaequalib‘us
907 1915 1423 1998 celeritatibus
1478 1974 1507 2014 ,
1577 1908 1705 1999 sed
1768 1911 2249 1998 uniformiter
2323 1936 2736 1996 moventur
2787 1967 2814 2006 3
2897 1927 3126 1990 erunt

336 2025 574 2143 spatia
624 2030 751 2113 ab-
789 2030 939 2115 illis
996 2032 1411 2145 aequalibus
1470 2027 1958 2142 temporibus
2008 2022 2356 2143 percursa
2417 2030 2496 2112 in
2549 2027 2846 2111 ratione
2919 2022 3127 2106 cele-

332 2151 678 2231 ritatum.
1261 2185 1265 2192 ·

258 2374 276 2384 ,
462 2275 577 2348 2⁰.
642 2261 725 2348 Si
778 2289 1053 2378 corpus
1101 2265 1180 2346 in
1217 2263 1419 2348 linea
1458 2264 1801 2348 verticali
1841 2261 2079 2348 libere
2126 2256 2522 2348 descendit
2549 2320 2574 2360 ‚
2637 2283 2858 2344 erunt
2897 2249 3130 2371 spatia

332 2376 694 2495 percursa
738 2405 1175 2494 temporum
1222 2379 1611 2495 quadratis
1652 2380 2291 2490 proportionalia.

412 2599 419 2612 Ι
456 2509 577 2609 3⁰.
646 2492 955 2582 Eodem
1006 2497 1259 2610 posito
1301 2559 1328 2598 ,
1388 2519 1609 2581 erunt
1669 2490 1901 2606 spatia
1954 2490 2296 2609 percursa
2319 2494 2798 2580 celeri-tatum
2851 2492 3132 2574 ultimo

324 2614 869 2730 acquisitarum
918 2613 1303 2728 quadratis
1367 2615 1977 2729 proportionalia
2014 2645 2037 2704 3
2117 2611 2463 2727 ideoque
2505 2635 2857 2722 tempora
2905 2628 3131 2692 erunt

322 2760 415 2820 ut
468 2733 935 2820 celeritates,

450 2859 584 2961 4⁹.
651 2843 971 2962 Corpus
1007 2844 1725 2963 quomodocunque
1774 2839 2248 2935 descendens
2275 2909 2300 2947 ‚
2363 2850 2492 2933 vel
2543 2851 2620 2932 in
2671 2849 2872 2931 reeta
2909 2904 2936 2945 ³
2997 2843 3132 2929 vel

318 2972 405 3055 in
473 2994 714 3053 curva
748 3026 776 3067 ‚
838 2970 915 3059 in
964 2966 1323 3079 quolibet
1368 2972 1655 3077 puntsto
1703 2992 1871 3051 eam
1913 2969 2384 3052 celeritatem
2433 2968 2780 3079 acquiret
2805 3024 2830 3063 ,
2893 2985 3130 3075 quam

317 3116 415 3174 ac
484 3088 770 3170 uireret
810 3078 859 3168 si
918 3082 1021 3169 ab
1066 3082 1341 3168 eadem
1378 3084 1783 3169 altitudine
1830 3085 2173 3169 verticali
2221 3079 2715 3171 descendisset
2754 3087 3066 3174 directe.

418 3118 581 3290 ‘iix
642 3202 761 3284 his
823 3196 1369 3314 praesuppofitis
1426 3200 1477 3284 si
1522 3196 1947 3288 Problema
2006 3231 2141 3313 per
2169 3193 2585 3289 Calculum
2643 3208 3128 3320 integralium

314 3318 724 3410 resolvere
768 3318 1155 3407 velimus;
1220 3319 1677 3403 tentandum
1723 3322 1883 3419 est,
1948 3344 2035 3402 ut
2074 3314 2489 3405 Problema
2531 3324 2750 3438 quod
2815 3329 3129 3414 mecha-

308 3442 526 3527 nicis
566 3434 955 3551 principiis
994 3435 1337 3519 innititur
1380 3433 1461 3519 in
1512 3463 1703 3550 pure
1738 3437 2301 3549 geometricum
2341 3463 2872 3527 convertatur:
2905 3440 3128 3555 quod

302 3558 423 3647 ita
494 3556 915 3669 peragitur.
1066 3632 1112 3663 .‚
1624 3656 1631 3659 ,
3415 3580 3466 3597 ‘-

436 3671 577 3761 Sit
630 3672 879 3755 c'urv‘a‘
916 3694 1085 3782 quae
1133 3668 1490 3781 quaeritur
1526 3661 1886 3773 'ADC,
1945 3671 2025 3754 in
2066 3697 2218 3785 qua
2264 3669 2316 3755 fi
2359 3664 2638 3790 corpus
2691 3674 2795 3763 ad
2843 3680 3137 3768 certum
3215 3710 3272 3777 T
3309 3712 3356 3777 A
3396 3710 3465 3777 B.

306 3794 705 3907 punCtum
758 3782 841 3871 C
895 3788 1331 3897 pervenerit
1360 3849 1384 3886 ,
1431 3794 1859 3899 percurrat,
1901 3814 2063 3875 uno
2085 3794 2457 3901 temporis
2497 3820 2952 3901 momentO,
3009 3828 3130 3887 ce-
3199 3795 3465 3895 12XV1H·

306 3912 645 3997 letitate
698 3900 822 3987 sua
866 3900 1223 4017 acquisita
1254 3965 1275 4000 ‚
1340 3906 1709 3989 lineolam
1754 3904 2155 3991 indefinite
2207 3910 2560 4021 exiguam
2609 3906 2751 3995 Cc
2778 3976 2805 4013 ‚
2871 3919 3131 4003 altitu·
3177 3883 3300 3961 ng.
3333 3896 3470 3945 ¹²⁰⁰

308 4029 611 4111 dinem
673 4051 866 4107 vero
922 4019 1630 4132 perpendicularem
1677 4014 1837 4123 Hc
1870 4053 1894 4112 3
1957 4021 2039 4104 sit
2083 4050 2290 4106 nunc
2333 4054 2610 4138 corpus
2651 4032 2729 4115 in
2775 4061 3131 4146 quocun-

304 4175 485 4259 que
540 4139 705 4225 alio
761 4140 1045 4247 puncto
1108 4130 1207 4241 D,
1245 4197 1269 4235 ‚
1334 4142 1413 4221 δε
1451 4131 1800 4221 absolvat
1848 4139 2119 4248 aequali
2176 4146 2546 4252 temporis
2576 4150 2992 4236 ‘momento
3035 4156 3132 4240 li<-

306 4262 662 4352 neolam
706 4250 919 4353 DA,
982 4260 1061 4337 &
1118 4252 1605 4344 altitudinem
1628 4252 2075 4340 verticalem
2121 4252 2286 4345 Gd
2310 4289 2332 4348 3
2399 4264 2580 4373 quia
2631 4266 2894 4381 itaque
2935 4294 3132 4357 tem,

298 4381 553 4497 poris
610 4396 1007 4458 momenta
1044 4365 1569 4481 supponuntur
1620 4375 1935 4486 aequalia
1974 4434 1999 4472 ,
2062 4373 2384 4478 debent,
2423 4406 2518 4464 ex
2554 4383 2987 4496 hypothesi,
3024 4392 3137 4472 al-

300 4494 721 4585 titudines
768 4486 930 4587 Gd
972 4493 1055 4575 &
1098 4478 1255 4573 Hc
1289 4494 1525 4579 etiam
1588 4486 1738 4579 esse
1783 4493 2161 4603 aequales3
2229 4500 2310 4581 δε
2363 4526 2501 4611 per
2539 4495 3134 4616 suppositionem

1803 4602 2005 4726 Ppp
2130 4640 2183 4717 2.
2232 4710 2240 4719 .
2975 4624 3133 4737 pri-2
