4390 5773
1278 322 1455 436 423
1537 319 2097 422 Nzcxux.
2158 324 2598 421 [ες-πο
2657 251 3972 482 xxmvsmvwrm'

1276 522 1407 604 vel
1450 522 1599 629 ΞΓ
1640 563 1777 600 .-..-
1808 545 1967 598 axx
1994 577 2017 614 ,
2080 519 2163 596 &
2213 507 2528 596 tandem
2558 517 2646 626 y³
2685 520 2901 620 εξ
2943 545 3158 607 axxs
3209 517 3448 630 quod
3506 519 3842 604 ostendit
3867 546 4040 602 „cur-

1274 666 1457 724 vam
1519 627 1716 719 AD
1744 639 1807 716 d
1850 630 1997 717 effe
2058 627 2512 716 Parabolam
2545 633 2970 720 cubic-alem
3029 627 3436 721 secundam
3475 689 3500 734 ‚
3565 640 3782 745 cujus
3845 663 4040 750 para·

1273 782 1521 842 meter
1560 760 1769 862 x}
1806 781 1857 834 a
1890 790 2031 830 Ξ
2064 761 2113 858 Ξ
2151 743 2358 834 LA.

941 850 1205 998 {Xaeffi'i-
1383 867 1609 958 Hinc
1648 931 1672 970 ,
1736 869 1807 954 fi.
1828 871 2177 954 invenire
2223 866 2461 951 libeat
2511 889 2824 952 curvam
2888 867 3114 952 aliam
3155 927 3180 968 ,
3243 895 3342 956 ex
3389 873 3604 978 cujus
3663 870 4038 958 evolutio.

870 1101 875 1106 ,
944 1019 1069 1096 rig.
1104 1034 1233 1096 123.
1268 1021 1368 1077 ne
1413 993 1549 1076 ista
1604 983 1983 1076 Parabola
2024 983 2490 1070 describatur
2517 1041 2546 1083 ‚
2609 981 2966 1070 ducenda
2997 987 3106 1070 est
3149 987 3232 1071 in
3271 981 3671 1100 punetoD
3731 1017 4036 1102 perpen-

1272 1156 1627 1244 dicularis
1684 1147 1777 1240 D
1798 1150 1909 1252 R,
1932 1177 2103 1266 quae
2164 1147 2253 1236 fit
2295 1147 2606 1264 aequalis
2661 1124 2744 1184 α’
2765 1109 2860 1290 :-
2883 1127 2966 1178 ²⁶
2989 1119 3069 1238 'V
3094 1157 3138 1257 (
3149 1185 3238 1266 yy
3263 1161 3362 1246 -Ι-
3383 1159 3527 1270 ay)
3551 1216 3578 1254 ,
3640 1154 3786 1240 erit
3819 1181 4040 1268 punc.

1270 1348 1437 1409 tum
1464 1319 1553 1412 R
1596 1323 1674 1406 in
1720 1343 1953 1404 curva
1987 1307 2294 1431 quaefita
2328 1307 2576 1406 AR;
2643 1344 2814 1429 quae
2867 1315 3064 1404 hanc
3101 1315 3426 1408 habebit
3473 1319 4043 1434 proprietatem,

1271 1465 1362 1528 ut
1391 1439 1441 1524 fi
1485 1439 1624 1526 filo
1664 1430 1860 1528 RD
1930 1427 2406 1547 appendatur
2447 1435 2530 1516 in
2590 1433 2790 1518 illius
2843 1439 3178 1522 termino
3239 1465 3518 1550 corpus
3549 1499 3576 1538 ‚
3639 1439 3764 1522 cui
3803 1435 3856 1520 fi
3919 1439 4046 1520 im·

1260 1560 1629 1674 primatur
1676 1557 1757 1640 in
1808 1555 2093 1665 puncto
2138 1541 2224 1632 A
2275 1551 2622 1637 celeritas
2681 1576 2916 1664 quam
2985 1555 3416 1664 acquireret
3471 1549 3589 1638 lia
3645 1559 3936 1667 punCto
3981 1557 4044 1634 L
4109 1581 4114 1587 ·

1270 1675 1759 1760 delaberetur
1792 1731 1817 1772 ,
1882 1694 2162 1778 corpus
2215 1669 2374 1754 hoc
2440 1659 2654 1749 filum
2709 1695 2756 1751 a
2805 1689 3034 1754 curva
3069 1666 3155 1757 A
3179 1667 3264 1757 R
3316 1673 3720 1770 evolvens,
3781 1667 4042 1755 descri-

1268 1795 1409 1878 bet
1468 1815 1782 1876 curvam
1832 1781 1921 1872 A
1940 1780 2062 1883 D,
2090 1787 2172 1866 &
2235 1783 2562 1899 proinde
2621 1783 3014 1898 aequaliter
3083 1787 3498 1902 aequalibus
3571 1788 4045 1903 temporibus

1271 1902 1690 1994 descendet
1746 1898 2000 1990 versus
2060 1894 2582 1988 horizontem'.

1392 2019 1765 2110 Vidimus
1818 2010 2208 2129 hucusque
2257 2018 2479 2132 quod
2521 2039 2754 2102 curva
2773 2077 2798 2118 ,
2847 2015 2926 2101 in
2965 2041 3121 2133 qua
3165 2041 3442 2134 corpus
3483 2017 3880 2136 aequaliter
3927 2044 4046 2108 ac-

1264 2142 1478 2228 cedit
1520 2137 1624 2222 ad
1672 2139 2161 2223 horizontem
2182 2194 2208 2232 ‚
2267 2134 2352 2217 fit
2382 2127 2762 2218 Parabola
2811 2137 3176 2222 cubicalis
3221 2133 3595 2224 secunda:
3645 2137 4050 2224 videamus

1264 2283 1471 2343 nunc
1506 2255 1754 2370 qualis
1804 2253 2092 2338 debeat
2150 2247 2299 2337 effe
2339 2277 2598 2354 curva,
2623 2250 2702 2334 in
2751 2277 2905 2363 qua
2949 2282 3230 2365 corpus
3275 2251 3746 2342 descendens
3791 2283 4048 2368 aequa-

1260 2375 1467 2462 libus
1570 2369 2051 2486 temporibus
2150 2371 2548 2485 aequaliter
2625 2365 2948 2454 accedat
3023 2371 3126 2456 ad
3198 2379 3562 2485 punctum
3662 2371 4052 2486 politione

1258 2491 1563 2580 datum.
1696 2565 1701 2570 .

1376 2601 1523 2692 Ad
1578 2605 1733 2690 hoc
1812 2595 2266 2690 solvendum
2297 2661 2325 2702 ‚
2411 2599 2708 2692 eaedem
2768 2597 3234 2717 hypotheses
3289 2591 3808 2719 supponendae
3884 2601 4052 2690 sunt

1138 2819 1144 2824 .
1257 2751 1449 2840 quas
1486 2713 2013 2836 supposuimus
2076 2719 2158 2803 in
2211 2723 2449 2834 priori
2497 2715 2710 2806 casu:
2751 2705 2858 2804 Et
2915 2721 3234 2834 quidem
3272 2719 3560 2838 duplici
3590 2722 3838 2807 modo
3893 2725 4048 2807 hoc

1254 2839 1558 2929 solvere
1595 2833 2017 2953 poffemus;
2082 2865 2420 2949 quorum
2463 2839 2674 2954 prior
2717 2863 2883 2923 non
2932 2835 3292 2925 absimilis
3351 2839 3458 2927 est
3511 2839 3641 2942 ei,
3692 2841 3832 2953 qui
3895 2841 4051 2953 pri-

1254 2988 1394 3047 rno
1437 2958 1519 3041 in
1558 2954 2025 3071 praecedenti
2080 2954 2478 3042 adhibitus
2527 2955 2720 3055 fuit,
2783 2958 3159 3068 posterior
3219 2958 3430 3045 idem
3477 2957 3637 3043 fere
3683 2960 3794 3043 est
3867 2983 4054 3043 cum

1254 3074 1660 3191 posteriori
1714 3072 2240 3188 praecedentis.
2359 3070 2584 3180 Qlia
2623 3090 2882 3157 autem
2921 3076 3054 3161 ille
3099 3076 3334 3187 paulo
3368 3076 3708 3188 prolixus
3745 3076 4050 3175 evadit,

1146 3236 1153 3247 ·
1248 3218 1749 3306 praeterquam
1802 3187 2024 3304 quod
2078 3190 2311 3282 etiam
2361 3190 2614 3303 plures
2656 3190 2925 3275 litterae
2963 3190 3424 3279 adhibendae
3465 3189 3636 3277 sunt
3659 3227 3689 3283 ‚-
3760 3190 4053 3281 orniffo

925 3302 981 3375 T
1022 3310 1065 3374 A
1106 3311 1171 3375 B.
1252 3310 1439 3411 illo,
1502 3309 2007 3423 posteriorem
2048 3306 2625 3419 amplectemur.
2746 3300 2861 3393 Sit
2901 3314 3265 3422 punctum
3326 3309 3710 3425 positione
3769 3310 4052 3394 datum

913 3388 1211 3557 ἒξνᾞ*
1247 3422 1349 3529 F,
1413 3453 1551 3541 per
1624 3425 1846 3541 quod
1925 3422 2249 3509 ducatur
2298 3422 2497 3527 linea
2546 3426 2931 3511 verticalis
2987 3418 3283 3528 FAL,
3349 3428 3444 3512 in
3485 3454 3640 3539 qua
3703 3420 4052 3513 sumatur

1246 3550 1613 3655 punctum
1658 3534 1746 3629 A
1806 3540 1909 3627 ad
1938 3541 2256 3642 ‘libitum
2309 3570 2452 3653 pro
2499 3544 2726 3627 initio
2772 3568 3019 3629 curvae
3059 3543 3381 3658 quaefitae
3425 3538 3732 3629 ADd.
3799 3534 4052 3629 Con-

1246 3653 1611 3743 fideretur
1648 3685 1927 3768 corpus
1967 3652 2439 3741 descendens
2489 3656 2912 3770 pervenisse
2959 3658 3063 3747 ad
3095 3666 3460 3775 punctum
3515 3662 3843 3774 aliquod
3889 3653 4048 3761 D,

1244 3780 1327 3861 δέ
1372 3770 1834 3887 percurrisse,
1882 3800 2041 3857 uno
2099 3774 2471 3885 temporiS
2549 3801 2954 3859 momento
2993 3838 3018 3875 ,
3125 3774 3492 3865 lineolam
3547 3772 3722 3865 DA
3761 3815 3780 3862 τ
3840 3774 4058 3863 duc·-

1242 3892 1339 3975 tis
1380 3888 1642 4003 itaque
1678 3884 1891 3986 FD,
1946 3886 2117 3988 1³4·
2168 3916 2594 4005 centroque
2653 3889 2710 3977 F
2758 3888 3138 4007 descripto
3187 3899 3447 3981 arculo
3491 3890 3704 3995 ΔΗ,
3775 3900 4058 3981 osten·

1242 4006 1381 4100 det
1438 4006 1733 4093 residua
1769 4000 2009 4107 DH,
2059 4034 2434 4123 quantum
2492 4037 2829 4124 corpm,
2893 4038 3050 4097 uno
3091 4016 3462 4127 temporis
3529 4020 3958 4098 momento
4025 4074 4054 4113 ,

1238 4120 1543 4212 accedit
1596 4123 1698 4209 ad
1733 4129 2095 4238 punctum
2142 4122 2250 4211 F:
2306 4126 2495 4242 quia
2521 4151 2778 4212 autem
2843 4129 2922 4211 in
2981 4130 3212 4213 initio
3268 4160 3514 4214 curvae
3579 4158 3862 4242 corpus
3919 4132 4056 4217 di·

1239 4242 1445 4325 recte
1491 4235 1745 4325 versus
1800 4237 1859 4326 F
1899 4236 2295 4328 descendit
2327 4306 2353 4344 ‚
2410 4242 2553 4329 erit
2583 4244 3066 4353 portiuncula
3103 4274 3348 4332 curvae
3387 4244 3564 4347 Aa,
3607 4275 3772 4329 uno
3831 4272 4055 4335 tem·

1096 4378 1103 4385 ·
1244 4356 1456 4469 poris
1500 4380 1907 4443 momento
1934 4352 2305 4471 percursa,
2357 4360 2692 4475 aequalis,
2762 4390 2860 4445 ex
2910 4356 3359 4475 hypothefi,
3412 4362 3548 4475 ipli
3595 4352 3814 4449 DH
3829 4400 3852 4458 3
3943 4390 4060 4454 ex

1238 4500 1405 4586 quo
1440 4470 1812 4579 infertur,
1876 4490 1962 4577 ut
2018 4474 2276 4592 prius2
2315 4476 2535 4593 quod
2582 4472 2859 4593 corpus
2910 4480 2991 4563 in
3043 4474 3132 4566 A
3180 4484 3337 4591 jam
3394 4480 4056 4571 debeathabere

1956 4632 1964 4638 ·
3365 4608 3376 4623 ‘
3813 4605 4060 4689 cele-
