4390 5773
1811 0 2051 20 “h-&⁷

802 301 1571 472 ‘virerum
1674 297 2604 482 vrrs-Amne
2959 417 3148 520 24,-
3242 385 3316 398 ··

338 555 421 652 {n
486 581 771 672 genere
842 558 964 644 vis
1020 583 1331 646 mortua
1384 555 1653 644 vocari
1724 565 1979 672 potest
2014 569 2284 678 prqffiq.
2420 561 2822 658 Differunt
2881 599 3144 662 autem

342 705 513 768 toto
561 707 845 795 genere
888 679 1009 762 vis
1052 678 1235 762 viva
1286 679 1369 762 δε
1418 677 1537 760 vis
1580 703 1913 768 mortua.
2038 679 2181 770 Illa
2202 747 2228 785 ‚
2285 714 2429 773 ceu
2475 687 2819 774 vidimus
2859 753 2886 793 ‚
2947 690 3142 778 exis-

336 804 428 884 tit
488 805 569 884 δι
627 793 945 882 subfistit
986 789 1597 907 independenter
1646 797 1775 886 ab.
1804 803 2024 908 omni
2074 805 2234 888 alio
2301 835 2632 920 corpore
2661 867 2686 906 ‚
2741 808 2850 892 ita
2899 837 2986 896 ut
3021 813 3168 896 οἱ-.

338 917 441 1002 hil
496 919 833 1029 requirat
894 939 1111 999 extra
1174 906 1250 998 se
1311 911 1412 996 ad
1458 915 1910 1032 *existentiae
1991 915 2134 1006 suae
2192 925 2865 1012 continuationem
2901 990 2929 1029 ‚
3007 930 3192 1015 vel'

337 1031 995 1148 perseverantiam.
1130 1023 1263 1115 Est
1332 1029 1564 1146 igitur
1596 1029 1743 1120 'vis
1798 1040 1982 1124 viva
2030 1039 2326 1154 aliquid
2364 1036 2794 1128 absolutum
2851 1033 2938 1130 &e
2989 1046 3148 1134 fine

340 1153 741 1238 correlato.
860 1141 1145 1234 Altera
1196 1147 1391 1232 vero
1432 1211 1458 1250 ,
1522 1181 1806 1266 nempe
1858 1159 1979 1242 vis
2036 1181 2387 1257 mortua,
2451 1153 2578 1245 seu
2653 1161 2921 1274 preffio
2944 1223 2969 1262 ‚
3033 1163 3152 1250 est

338 1271 735 1356 relativum
793 1266 1033 1381 quid,
1096 1264 1321 1380 quod
1379 1261 1739 1384 supponit
1787 1271 1951 1358 duo
1998 1302 2048 1358 a
2088 1271 2163 1360 se
2219 1276 2571 1360 invicem·
2611 1273 2947 1379 diversa,
3003 1273 3146 1365 sci-

338 1389 509 1473 licet
580 1377 880 1478 causam
935 1409 1415 1496 prementem
1454 1448 1481 1482 ‚
1545 1387 2062 1506 undecunque
2131 1393 2263 1479 illa
2319 1396 2581 1478 veniat
2619 1455 2644 1494 ‚
2707 1401 2790 1480 δε
2852 1393 3146 1484 deinde

342 1531 611 1616 corpus
646 1500 872 1618 quod
922 1502 1319 1613 premitur.
1386 1499 1751 1592 Cessante
1803 1505 2021 1592 causa
2071 1535 2472 1625 premente
2507 1573 2531 1613 ‚
2590 1509 2815 1596 ceffat
2860 1519 2941 1600 &
2987 1507 3146 1628 ipsa

344 1619 645 1736 preffio;
708 1619 909 1731 perit
968 1619 1175 1702 enim
1228 1618 1539 1732 effeetus
1596 1651 1774 1708 cum
1836 1619 2051 1732 causa
2090 1685 2117 1727 ,
2190 1626 2328 1711 nifi
2408 1651 2786 1741 quatenus
2863 1658 3146 1746 corpus

346 1740 540 1826 cedit
600 1735 1030 1852 prementi,
1087 1741 1166 1820 &
1244 1733 1645 1826 succeffive
1694 1741 1775 1824 in
1824 1767 2129 1828 motum
2182 1745 2620 1830 concitatur
2651 1806 2680 1848 ,
2742 1773 2908 1859 quo
2975 1745 3144 1861 ipso

346 1879 738 1972 generatur
799 1853 917 1936 vis
978 1853 1161 1936 viva
1228 1855 1307 1939 in
1376 1886 1706 1975 corpore
1793 1857 2238 1975 aliquandiu
2305 1859 2550 1977 preffo
2588 1924 2617 1964 ,
2679 1890 2848 1977 quae
2907 1858 3144 1952 semel

347 2003 695 2092 generata
760 1975 850 2061 fit
902 1969 1400 2061 substantialis
1427 2038 1452 2076 ‚
1517 2003 1609 2061 ac
1638 1979 1917 2090 ,perire
1968 1980 2100 2065 vel
2160 1977 2485 2064 diminui
2551 1981 2826 2094 nequit
2861 2043 2888 2080 ‚
2915 2039 2922 2044 -
2951 1983 3144 2094 quin

348 2091 788 2179 tantundem
814 2155 839 2193 ,
896 2115 1273 2206 quantum
1328 2092 1624 2208 periisse
1685 2089 1928 2181 visum
1980 2097 2138 2197 est,
2194 2097 2274 2184 in
2323 2086 2537 2183 aliud
2594 2098 2727 2185 vel
2773 2099 2920 2188 alia
2965 2125 3150 2217 cor-¹

348 2233 523 2326 pora
578 2211 969 2298 transierit.
1315 2214 1323 2221 '
2433 2261 2438 2271 ·

1681 2343 1803 2445 V.

458 2567 985 2671 Confimdunt
1042 2571 1493 2668 Adversarii
1544 2579 1789 2670 ambo
1858 2569 2145 2699 genera
2218 2577 2542 2676 vir-Iurm
2607 2581 2792 2696 quia
2861 2579 3142 2675 vident

354 2731 441 2787 ex
498 2704 741 2788 libera
806 2703 1109 2786 actione
1174 2702 1294 2784 vis
1362 2725 1682 2786 mortuae
1754 2703 2099 2814 generari
2158 2699 2238 2783 in
2293 2728 2625 2812 corpore
2681 2702 3138 2807 [actionem

354 2823 552 2906 istam
606 2823 687 2906 in
736 2813 815 2907 se
857 2815 1353 2931 recipiente]
1408 2818 1571 2903 vim
1623 2809 1887 2905 vivam
1921 2875 1949 2919 ,
2000 2807 2187 2903 dum
2238 2843 2336 2901 ex
2390 2817 2654 2932 quiete
2713 2819 2806 2901 in·
2829 2841 3136 2909 motum

351 2935 797 3052 perducitur.
834 2936 1208 3046 majorem
1254 2937 1384 3020 vel
1432 2938 1821 3023 minorem
1839 2996 1867 3039 ,
1930 2960 2164 3051 prout
2201 2928 2418 3019 causa
2466 2962 2819 3050 premens
2861 2935 3140 3025 fortius

353 3062 425 3141 δι
478 3056 805 3157 diutius²
856 3058 989 3141 vel
1034 3054 1367 3140 debilius
1424 3060 1505 3139 δε
1552 3055 1861 3169 brevius
1908 3052 1986 3139 in
2038 3046 2233 3139 illud
2287 3054 2475 3167 agit.
2593 3050 2750 3137 Sed
2811 3053 3137 3167 perinde

352 3174 627 3259 faciunt
678 3202 770 3261 ac
830 3171 883 3257 fi
937 3172 1229 3257 vellent
1286 3169 1763 3257 confimdere
1834 3173 2116 3259 lineam
2182 3198 2370 3256 cum
2437 3163 2826 3280 superficie
2862 3230 2892 3273 ‚
2946 3170 3138 3260 ideo

354 3296 523 3407 quia
573 3309 713 3407 pe'r
760 3314 1069 3375 motum
1129 3289 1348 3376 lineae
1400 3285 1851 3375 describitur
1894 3284 2369 3403 superficies»
2492 3270 2646 3370 Vis
2685 3310 2990 3373 mortua
3041 3287 3133 3373 li·

352 3408 523 3496 bere
566 3436 793 3525 agere
830 3408 1109 3495 dicitur
1127 3468 1155 3507 ‚
1218 3404 1537 3520 quando
1582 3431 1859 3518 corpus
1877 3466 1905 3507 ,
1959 3404 2181 3521 quod
2219 3398 2320 3489 ab
2370 3426 2463 3490 ea
2497 3403 2911 3521 premitur,
2957 3429 3138 3517 pre·

352 3528 554 3617 ffioni
580 3523 1075 3645 obsequitur,
1114 3528 1195 3609 δι
1228 3548 1510 3643 Ρτωτειῇ
1529 3524 1881 3611 inertiam
1908 3517 2113 3609 suam
2139 3522 2518 3637 prementi
2545 3520 2736 3607 nihil
2763 3522 3130 3635 opponit.

1632 3725 1845 3829 vl.

456 3951 779 4089 Corpus
828 3975 1207 4061 continuo
1264 3964 1585 4089 pressum
1624 4026 1653 4070 ‚
1728 3968 1809 4049 δε
1862 3980 1911 4041 a
1986 3950 2250 4065 quiete
2323 3950 2427 4035 ad
2481 3968 2785 4066 motum
2837 3952 3140 4037 accelei

364 4094 585 4178 'tando
638 4090 1089 4207 perductum
1146 4118 1302 4203 ope
1356 4086 1602 4175 clastri
1630 4144 1657 4191 ‚
1722 4078 1983 4164 donec
2036 4071 2193 4156 hoc
2245 4100 2382 4185 per
2440 4064 2547 4153 sui
2596 4068 3140 4197 dilatationem

366 4232 661 4297 'omnem
716 4207 926 4301 suam
973 4210 1137 4295 vim
1194 4194 1618 4319 exhauserit
1634 4262 1663 4301 ,
1712 4222 1953 4315 atque
2038 4190 2415 4309 gradatim
2478 4189 2560 4325 in
2615 4212 2902 4323 corpus·
2947 4214 3134 4299 pro·-
3237 4250 3242 4255 .

358 4322 635 4437 pulsum
687 4325 1189 4428 transtulerit,
1244 4325 1525 4411 merito
1575 4319 1855 4405 dicitur
1916 4340 2195 4427 corpus
2245 4309 2334 4393 in
2369 4306 2529 4391 'tah
2587 4302 2906 4441 V?¹.‘?¹¹
2965 4332 3142 4443 mp-

356 4466 435 4526 tu
470 4446 831 4535 uniformi
878 4444 1207 4541 finaliter
1236 4439 1613 4557 acquifino
1651 4435 2145 4521 constitutum
2168 4488 2193 4528 ,
2233 4415 2458 4541 quod
2495 4423 2596 4507 ab
2643 4444 2872 4505 1n1t1o
2920 4450 3149 4536 qure-

356 4588 562 4649 verat
582 4626 609 4665 ,
672 4564 1047 4679 possidere
1101 4557 1346 4649 solum
1412 4550 1737 4646 omnem
1790 4553 1952 4637 vim
2018 4550 2284 4657 vivam
2316 4604 2361 4663 ².
2475 4566 2655 4624 uam
2711 4537 2812 4625 ab
2863 4536 3146 4624 elastro

452 4682 671 4789 Jun-
712 4680 1078 4775 Bam&
1104 4678 1350 4800 Qvo-ra
1380 4684 1625 4765 omnia
1674 4666 1931 4762 Tem.
1970 4660 2145 4754 III.
2604 4655 2666 4748 h
2949 4648 3145 4758 [cui
