4390 5773
1104 350 2372 447 srArronM..
2725 344 2736 363 ··
2969 394 3132 475 395

334 546 485 609 uno
534 516 669 601 vel
722 515 967 603 altero
1026 514 1277 601 modo
1328 506 1593 597 divisa
1628 511 2011 624 intelligi,
2073 514 2160 591 δε
2211 508 2313 592 ad
2363 510 2738 597 caiculum
2783 521 3133 617 revocari

330 634 677 753 poss'unt3
743 658 831 717 ut
872 634 959 719 id
991 654 1311 749 apparet
1346 632 1435 717 in
1466 624 1795 724 Circuio
1836 634 1915 712 δι
1952 620 2431 739 Hyperbola
2453 689 2480 729 ‚
2543 632 2622 723 in
2659 632 2942 742 quibus
2966 628 3169 747 spa-'

328 757 515 839 tium
564 752 934 839 circulare*
974 756 1057 834 &
1110 747 1706 863 hyperbolicum
1754 806 1779 847 ,
1841 743 1973 829 vel
2026 738 2444 830 secundum
2509 749 2924 861 applicatas
2989 777 3126 863 pa-

330 870 619 959 rallelas
656 928 687 969 ‚
746 870 878 955 vel
922 862 1337 954 secundum
1402 864 1641 949 lineas
1684 890 1734 950 a
1797 886 2067 951 centro
2116 860 2222 948 ad
2277 888 2592 953 curvam
2638 863 3133 981 divergentes

328 1015 537 1104 aeque
572 983 1001 1071 commode
1044 982 1296 1069 dividi
1348 984 1633 1095 potest.
1976 1054 1983 1063 .
2495 1029 2505 1039 1
2593 1070 2604 1078 ,
2971 1004 2978 1010 ·

443 1100 987 1217 Quocunque.
1018 1100 1337 1187 demum
1396 1098 1643 1183 modo
1704 1098 1744 1209 (
1762 1122 1855 1183 ut
1887 1097 2200 1185 tandem
2249 1098 2348 1187 a'd
2401 1098 2899 1216 quadraturas
2944 1096 3138 1217 ipsas

328 1224 921 1337 perveniamus)
981 1214 1217 1333 spatia
1274 1211 1517 1301 divisa
1570 1218 2097 1329 concipiantur
2142 1248 2163 1309 ς
2231 1216 2284 1301 fi
2331 1221 2616 1307 exinde
2661 1248 2836 1307 area
2889 1222 3136 1306 totius

329 1339 591 1425 haberi
649 1340 1037 1450 cupiatur,
1097 1356 1417 1449 oportet
1474 1356 1561 1418 ut
1616 1335 1836 1419 unius
1884 1336 2216 1448 partium
2271 1336 2672 1425 indefinite
2731 1364 3137 1453 parvarum

328 1478 701 1572 quaeratur
742 1455 965 1539 valor
1002 1514 1033 1553 ‚
1092 1453 1231 1567 qui
1274 1476 1437 1535 non
1478 1449 1619 1535 nifi
1669 1450 1939 1535 litteris
1986 1451 2515 1541 determinatis
2567 1460 2646 1541 &
2685 1458 2911 1542 unica
2958 1480 3130 1541 tan-

328 1598 492 1659 tum
541 1566 790 1684 specie
835 1568 1589 1673 inde-terminatarum
1627 1568 2023 1660 confistat3
2088 1571 2315 1684 quod
2349 1566 2642 1685 semper
2678 1572 2945 1681 haberi
2981 1600 3136 1684 po-

328 1692 467 1779 test
511 1718 649 1803 per
683 1712 1027 1775 naturam
1074 1694 1155 1774 &
1208 1688 1789 1803 generationem
1832 1712 2081 1771 curvae
2118 1718 2143 1778 3
2205 1692 2304 1771 δε
2332 1689 2557 1796 hujus
2608 1689 3058 1805 quantitatis
3097 1748 3130 1787 ‚

330 1832 691 1922 tanquam
725 1804 1247 1893 differentialis
1266 1867 1293 1907 ,
1338 1801 1891 1893 inveniendum
1918 1802 2027 1890 est
2050 1802 2470 1921 integrale;
2535 1806 2756 1922 quod
2785 1804 3130 1922 desrgna-

329 1926 446 2011 bit
505 1924 1043 2037 quadraturam
1106 1918 1344 2037 spatii.
3137 1983 3140 1991 -

438 2038 523 2128 Si
562 2040 979 2128 divifiones
1006 2035 1220 2155 spatii
1264 2035 1435 2127 sunt
1465 2040 1839 2155 parallelae
1854 2102 1883 2141 ‚
1944 2036 2449 2129 differentiale
2481 2033 2698 2157 spatii
2718 2103 2744 2142 ,
2793 2036 3130 2156 suppofi-

334 2180 411 2244 ta
438 2154 744 2245 absciffi
792 2192 850 2241 x
878 2165 959 2245 &
998 2159 1378 2271 applicata
1398 2230 1403 2233 .
1419 2194 1469 2274 y
1501 2221 1530 2260 ‚
1578 2160 1727 2244 erit
1756 2160 1945 2271 ydx
1964 2218 1989 2262 ,
2050 2161 2572 2275 redtangulum
2609 2186 2886 2274 nempe
2931 2161 3134 2245 inter

330 2278 788 2390 applicatam
845 2282 927 2361 &
984 2276 1487 2362 differentiale
1556 2270 1899 2359 absciffae.
1944 2276 1949 2285 ’
1996 2275 2080 2362 Si
2134 2279 2399 2392 itaque
2453 2273 2540 2365 A
2571 2273 2654 2361 C
2735 2278 2822 2361 fit
2897 2300 3132 2362 curva
3177 2294 3521 2367 ‘runt

330 2392 561 2491 data,
616 2392 939 2481 habebit
954 2424 1011 2507 y
1038 2418 1325 2483 certam
1359 2396 1739 2481 rationem
1768 2393 1869 2476 ad
1903 2425 2002 2494 x,
2040 2394 2255 2479 itaut
2293 2398 2476 2508 ydx
2510 2398 2592 2478 in
2623 2396 2830 2508 puris
2865 2426 2919 2477 x
2949 2421 3134 2508 pro·
3220 2386 3347 2464 ¹⁷²3·
3377 2387 3438 2445 ⁶·

329 2513 760 2597 nuncietur.
879 2506 1026 2598 Ex.
1063 2540 1179 2625 gr.
1249 2509 1366 2597 Sit
1408 2506 1597 2597 AC
1646 2507 2025 2595 Parabola
2054 2570 2083 2613 ‚
2131 2516 2214 2597 δε
2267 2508 2598 2624 proinde
2655 2539 2791 2596 ax
2817 2552 2963 2591 ==
2971 2544 3022 2623 y
3022 2542 3075 2624 y
3101 2571 3132 2611 ‚

327 2628 541 2742 vely
571 2668 709 2711 ===
765 2634 1019 2721 v'ax5
1086 2630 1451 2742 eritydx
1482 2625 2053 2719 =dxxlax3
2117 2630 2342 2737 hujus
2393 2631 2658 2742 itaque
2702 2628 3136 2742 integrale,
3185 2664 3212 2681 ³
3333 2630 3362 2641 ”

328 2742 561 2861 quod
600 2746 709 2835 est
738 2753 1089 2852 {msam
1149 2748 1281 2830 vel
1320 2756 1548 2861 ἔκ),
1611 2745 1759 2829 erit
1796 2736 2117 2857 spatium
2162 2742 2580 2858 quaefitnm.
3119 2777 3127 2786 ·
3244 2756 3254 2763 '

446 2860 537 2949 Si
574 2860 987 2951 divifiones
1021 2868 1309 2950 coeunt
1344 2866 1425 2948 in
1467 2864 1757 2976 puncto
1787 2923 1835 2963 ,y
1868 2858 2376 2950 differentiaie
2423 2856 2636 2977 spatii
2691 2861 2798 2980 est
2838 2872 2934 2976 {y
2951 2863 3070 2944 dx
3097 2892 3132 2954 ς

328 2978 801 3095 triangulum
843 3009 1125 3098 nempe
1148 3039 1177 3081 ,
1231 2985 1445 3089 cujus
1487 3007 1727 3066 unum
1765 2979 1969 3075 latus
2023 2981 2133 3066 est
2156 3003 2165 3008 ·
2180 3012 2232 3093 y
2255 3041 2282 3081 ,
2336 2987 2427 3065 ,δι
2473 2977 2807 3065 altitudo
2834 3037 2860 3077 ,
2917 3005 3135 3064 arcus

326 3097 641 3185 infinite
684 3125 962 3211 parvus
980 3158 1008 3198 ,
1033 3101 1335 3212 Ῥιωᾶο
1380 3091 1783 3184 concursus
1816 3121 2189 3213 tanquam
2231 3121 2502 3183 centro
2531 3157 2556 3196 ‚
2605 3125 2744 3210 per
2776 3097 3140 3183 extremi-

320 3237 589 3305 tatem
634 3215 953 3302 minoris
994 3247 1047 3330 y
1105 3210 1521 3329 descriptus
1554 3274 1583 3315 ,
1653 3216 1788 3329 qui
1828 3242 1975 3327 pro
2029 3221 2232 3301 reeta
2274 3217 2476 3300 linea
2525 3211 2924 3298 habendus
2971 3213 3081 3298 est
3107 3243 3141 3303 ς

323 3333 463 3420 hic
510 3356 782 3418 autem
816 3335 1111 3424 arculus
1151 3355 1435 3418 certam
1468 3325 1763 3443 semper
1795 3331 2253 3418 relationem
2297 3333 2536 3417 habet
2569 3331 2666 3414 ad
2688 3363 2778 3443 y,
2817 3331 2961 3442 pro
3001 3327 3134 3416 da-

318 3471 411 3534 ta
451 3473 737 3536 natura
784 3478 1060 3537 curvae.
1176 3447 1294 3535 Sit
1321 3510 1350 3551 ,
1410 3477 1493 3534 v.
1542 3475 1656 3562 gr.
1684 3507 1712 3549 ,
1767 3441 1857 3530 A
1892 3443 1961 3531 Β
2000 3444 2083 3532 C
2132 3442 2454 3561 spatium
2503 3447 3138 3560 -logarithmicum
3185 3477 3238 3546 1·
3257 3471 3550 3542 aaut..

318 3559 663 3690 spitales
730 3569 914 3681 quia
956 3569 1219 3682 itaque
1240 3595 1293 3680 y
1336 3566 1700 3680 angulum
1738 3565 2213 3652 constantem
2249 3565 2432 3650 facit
2457 3563 2558 3650 ad
2597 3589 2906 3676 curvam
2935 3623 2959 3662 ,
3003 3563 3144 3650 ha·
3231 3565 3354 3641 Fig-
3399 3575 3465 3640 7·

321 3681 568 3771 bebit
612 3687 721 3798 dy
782 3682 885 3768 ad
930 3689 1075 3768 doc
1110 3685 1510 3776 rationem.
1554 3681 2031 3769 constantem
2072 3719 2091 3766 ε
2154 3681 2272 3773 Sit
2311 3705 2398 3766 ut
2441 3713 2490 3763 a
2526 3681 2640 3766 ad·
2671 3679 2759 3773 b3
2813 3681 2958 3767 erit
3020 3683 3146 3764 dx

318 3797 854 3912 =..—-...bdy:a;
917 3795 1245 3915 proinde
1286 3795 1981 3916 -g-ydx=ybdy:
2028 3832 2189 3894 καὶ
2253 3800 2478 3912 hujus
2528 3801 2718 3914 ergo
2773 3797 3149 3915 integrale

312 3915 546 4032 byy:
588 3945 695 4022 4⁴
744 3919 855 4004 est
905 3915 1199 4030 aequale
1249 3909 1520 4028 spatio,
1772 3995 1777 4000 ,
1948 3936 1953 3943 ²
2022 3977 2029 3988 .
2713 3917 2752 3992 .’
2944 3983 2952 3992 .

447 4029 779 4120 Eodem
830 4031 1079 4118 modo
1136 4031 1755 4118 ratiocinandum
1817 4029 1927 4118 est
1992 4033 2071 4116 in
2122 4033 2290 4118 aliis
2343 4029 2808 4120 divifionum
2859 4029 3153 4120 modis.

310 4145 409 4240 Si
442 4171 727 4238 autem
768 4149 1137 4264 integrale
1169 4148 1395 4259 ipsius
1432 4153 1634 4264 ydx
1669 4153 1803 4238 vel
1844 4161 1943 4260 {y
1963 4143 2083 4232 dx
2125 4142 2314 4236 sumi
2351 4155 2513 4236 no‘n
2541 4153 2800 4266 potest
2825 4211 2851 4251 ‚
2900 4163 3156 4237 tenta·-

312 4270 431 4356 tis
485 4266 862 4352 omnibus
907 4266 1299 4353 methodis
1341 4294 1529 4380 quas
1576 4263 1789 4381 supra
1845 4265 2202 4354 dedimus
2236 4329 2262 4371 ‚
2323 4266 2616 4383 fignum
2666 4271 2778 4358 est
2827 4263 3153 4383 spatium

316 4381 837 4502 propofitum
870 4385 1324 4498 quadrabile
1368 4412 1529 4468 non
1575 4383 1725 4472 effe
1764 4407 1793 4484 ,⁴
1860 4385 1993 4469 vel
2048 4379 2312 4473 saltem
2356 4387 2562 4476 illius
2617 4387 3158 4502 quadraturam

312 4499 711 4616 noudum
756 4501 1061 4616 haberi,
1110 4497 1313 4598 Hoc
1350 4501 1585 4619 ‚nobis
1626 4503 2143 4712 ςοηῑὶῃέτάἰιὲ
2164 4503 2656 4620 inquifidone
2671 4504 3160 4712 ‘quadgmffi

2253 4647 2322 4720 β.
2937 4647 3001 4704 11·
3003 4645 3046 4704 C
