4390 5773
1286 393 1477 524 “254
1676 365 2321 500 Nncxtv.
2440 399 2630 490 DE
2741 397 3112 492 VERA
3217 357 3864 493 NO'T‘IONE

1291 621 1351 666 2,
1391 555 1705 650 Etenim
1733 621 1761 662 ,
1824 555 1879 644 fi
1943 555 2110 642 duo
2180 555 2457 672 globi,
2519 554 2818 674 virgula
2871 557 3087 644 tenui
3149 559 3538 667 conjuneti
3566 616 3594 659 ,
3667 579 3892 644 motu
3943 558 4112 642 uni·-

1292 740 1351 784 ‚,
1389 681 1621 766 sormi
1675 679 1874 764 circa
1921 703 2342 762 commune
2377 669 2628 760 'suum
2682 676 3075 792 gravitatis
3136 699 3482 762 centrum
3547 677 4052 762 revolvantur
4079 741 4106 777 ,

1290 859 1350 901 ‚,
1389 801 1679 884 interea
1718 795 1904 881 dum
1942 818 2294 880 centrum
2322 792 2520 879 illud
2555 817 2780 878 motu
2805 789 3170 880 uniformi
3203 791 3482 880 feratur
3507 794 3590 904 in
3625 793 3828 880 linea
3859 797 4062 879 rena
4079 855 4107 894 ,

1291 977 1351 1020 ‚‚
1393 916 1616 1002 dueta
1642 918 1721 999 in
1746 915 1982 1028 plano
2014 935 2276 997 motus
2302 905 2634 1024 ipsorum
2661 912 3043 998 citcularis
3065 967 3090 1012 ,
3131 913 3405 1028 utique
3433 906 3722 996 summa
3746 935 4106 998 motuum

1289 1096 1348 1138 ,‚
1388 1035 1753 1121 binorum
1806 1032 2119 1116 illorum
2155 1027 2624 1145 globorum,
2680 1031 2994 1146 quotIes
3039 1029 3154 1116 ilii
3183 1053 3412 1116 erunt
3455 1032 3540 1116 in
3583 1031 3789 1117 linea
3823 1034 4027 1118 reeh
4059 1056 4106 1114 a

1290 1215 1351 1256 ,‚
1391 1152 1789 1239 communi
1850 1143 1991 1233 suo
2040 1149 2438 1262 gravitatis
2473 1169 2748 1234 centro
2797 1143 3169 1263 descripta
3197 1207 3228 1250 ,
3291 1150 3538 1260 major
3593 1151 3740 1234 etit
3775 1211 3804 1252 ‚
3865 1176 4104 1264 quam

1288 1333 1347 1375 „
1388 1265 1678 1357 summa
1710 1290 2063 1352 m0tuum
2098 1261 2480 1380 ipsorum,
2519 1289 2690 1353 tum
2729 1294 2912 1356 cum
2947 1287 3174 1356 erunt
3215 1266 3328 1352 illi
3358 1269 3444 1354 in
3485 1268 3693 1354 linea
3714 1306 3769 1370 ,¹
3801 1296 3976 1382 quae
4013 1265 4103 1350 fit

1287 1449 1347 1492 ,‚
1387 1387 1493 1476 ad
1528 1391 1809 1474 lineam
1848 1383 2056 1468 illam
2090 1387 2377 1471 renam
2414 1383 3092 1498 perpendicularis,
3215 1379 3424 1495 Quo
3467 1385 3791 1503 quidem
3829 1413 4100 1476 exem·

1288 1569 1347 1609 „
1382 1509 1520 1624 plo
1576 1527 1934 1622 apparet,
1998 1525 2312 1598 motum
2347 1497 2550 1590 nasci
2587 1498 2822 1616 poffe-
2848 1509 2929 1588 &
2969 1503 3226 1619 perire
3269 1507 3422 1591 &c-

2421 1697 2940 1795 XXIX.

1422 1906 1761 1998 Dudum
1830 1903 2151 2028 quidem
2235 1897 2730 1993 observatum
2797 1905 2914 1994 est
2975 1929 3026 1994 a
3086 1904 3418 2010 multis,·
3492 1900 3910 2020 praesertim
3991 1908 4096 1992 ab
4169 1967 4172 1972 -

1286 2025 1383 2116 H
1405 2052 1470 2120 U
1492 2045 1848 2117 GENIO
1870 2088 1896 2126 ,
1952 2027 2002 2132 [
2036 2021 2199 2108 vid.
2251 2019 2516 2134 Optst.
2543 2025 2921 2138 posthuma
2955 2023 3082 2108 De
3115 2029 3668 2137 vipercuffionis
3701 2030 3781 2110 In
3819 2024 4095 2133 fine‚]

1284 2173 1546 2232 motus
1590 2146 2100 2260 quantitatem
2140 2205 2165 2243 ‚
2236 2143 2470 2246 etiam
2527 2145 2606 2226 in
2665 2143 3122 2258 corporibus
3185 2140 3522 2257 perfecte
3567 2145 3902 2228 elasticis
3926 2207 3952 2248 ‚
4012 2145 4094 2226 in

1268 2258 1735 2350 immensum
1784 2255 1995 2378 poss'e
2047 2261 2310 2372 augeri
2361 2266 2442 2344 &
2497 2261 2792 2346 minui:
2857 2255 2990 2348 sed
3053 2263 3346 2346 nemini
3402 2262 3480 2372 in
3549 2286 3893 2349 mentem
3947 2290 4094 2346 ve-

1262 2383 1401 2467 ·nit
1430 2443 1459 2484 ,
1518 2403 2027 2496 praeterquam
2072 2376 2237 2467 NE
2259 2397 2519 2470 WTO
2541 2399 2612 2462 N
2633 2401 2699 2466 ο
2727 2441 2754 2480 ,
2818 2379 3003 2466 inde
3046 2372 3673 2494 consequendam
3729 2377 3879 2466 effi:
3929 2379 4093 2465 for-

1278 2497 1649 2586 mandam
1678 2559 1705 2599 ‚
1766 2493 1991 2612 quod
2034 2496 2225 2581 ideo
2289 2521 2548 2584 motus
2602 2499 2928 2582 omnino
2969 2500 3219 2612 perire
3281 2499 3412 2582 vel
3463 2498 3865 2584 annihilari
3908 2491 4092 2614 pol:-

1280 2617 1399 2703 fit.
1522 2615 1647 2703 At
1684 2617 1843 2700 hoc
1883 2617 2145 2729 potius
2203 2611 2865 2706 N'EWTONUS
2900 2677 2928 2716 ‚
2989 2646 3086 2702 ex
3137 2643 3238 2699 eo
3285 2614 3506 2728 qu'od
3545 2640 3805 2703 motus
3840 2645 4090 2731 quan·

1275 2739 1454 2824 titas
1477 2798 1505 2837 ‚
1566 2737 1754 2824 licet
1818 2735 2028 2824 nulla
2084 2760 2299 2831 nova
2367 2729 2588 2820 caula
2662 2729 3254 2848 supper-accedat
3277 2793 3304 2832 ,
3404 2732 3494 2820 fit
3545 2759 3806 2820 tamen
3858 2763 3966 2821 ex
4013 2729 4088 2821 se

1272 2848 1432 2971 ipsa
1480 2853 1868 2939 variabilis
1912 2857 1997 2936 δε
2042 2851 2437 2939 mutabilis
2470 2914 2496 2954 ‚
2561 2849 3058 2953 ‚concludere
3124 2846 3503 2942 debuisset
3557 2853 3638 2936 in
3700 2855 4082 2969 quantita-

1138 3042 1143 3048 *
1270 2996 1356 3059 te
1409 2998 1671 3057 motus
1721 2999 1886 3056 non
1947 2970 2350 3061 confistere
2409 2974 2921 3085 quantitatem
2987 2974 3266 3056 virium
3297 3032 3325 3073 ‚
3417 2993 3694 3083 utpote
3753 3000 3924 3087 quae
3976 2974 4090 3057 est

1230 3087 1858 3203 ‘constantissima
1891 3150 1917 3187 ,
1980 3088 2330 3202 nullique
2366 3090 2778 3174 mutationi
2839 3089 3188 3175 obnoxia
3217 3122 3240 3181 ς
3271 3192 3276 3199 ⁴
3305 3090 3528 3202 quod
3581 3118 3744 3175 non
3783 3113 4090 3173 tantum

1267 3210 1357 3293 in
1411 3209 1785 3322 exemplis
1841 3195 2290 3323 Hageniam&
2321 3266 2348 3305 ,
2411 3208 2568 3297 ‚ubi
2625 3233 2786 3291 tam
2843 3208 3115 3323 ingens
3176 3209 3288 3295 est
3323 3208 3772 3323 quantitatis
3821 3232 4090 3291 motus

1268 3328 1604 3412 mutatio
1630 3388 1658 3428 ‚
1722 3327 2117 3439 eleganter
2168 3324 2671 3411 ‘demonstrari
2722 3328 2976 3439 potest
3028 3356 3162 3441 per
3207 3325 3582 3411 calculum
3617 3384 3644 3429 ,
3705 3320 3838 3411 sed
3884 3332 3966 3409 &
4003 3327 4130 3411 in·-

1268 3442 1619 3557 ipfiffimo
1681 3444 2045 3555 exemplo
2086 3438 2554 3527 Newtoniano
2576 3505 2602 3546 ‚
2647 3444 3006 3535 ‚duorum
3059 3446 3474 3561 globorum
3521 3445 3816 3559 virgula
3859 3446 4086 3529 tenui

1226 3558 1857 3670 ,conjune'torum
1912 3564 2003 3643 'Bc
2058 3561 2516 3646 combinato
2585 3586 2806 3649 motu
2883 3562 3242 3649 uniformi
3305 3566 3694 3649 rotatorio
3746 3586 3838 3651 ac
3889 3590 4086 3676 pro-

1226 3677 1597 3793 4greffivo
1646 3678 1980 3763 latorum
2016 3738 2045 3778 2
2110 3676 2687 3767 luculentissime
2723 3688 2803 3767 δι·
2854 3680 3007 3769 fine
3058 3706 3333 3797 magna
3394 3680 3842 3772 difficultate
3945 3710 4088 3767 ro-

1234 3794 1452 3909 ·bare
1500 3794 1937 3913 possumus,
1994 3794 2270 3909 ,globis
2318 3796 2468 3880 illis
2508 3795 2821 3882 duobus
2869 3798 3198 3887 eandem
3247 3792 3544 3912 semper
3607 3792 3836 3888 ineffe
3871 3708 4086 3887 ffun-

1260 3944 1467 4001 mam
1520 3918 1830 4001 virium‘
1858 3917 2206 4007 vivarum
2233 3976 2262 4016 ,
2325 3944 2800 4033 quocunque
2860 3920 2940 4003 in
2990 3917 3129 4002 fitu
3179 3910 3625 4012 versentur-3
3691 3918 3848 4004 hoc
3909 3922 4082 4019 est,

1262 4034 1319 4121 fi
1366 4034 1650 4147 globus
1700 4058 2024 4147 uterque
2073 4095 2099 4135 ‚
2162 4062 2326 4120 non
2381 4064 2520 4148 per
2571 4037 3076 4122 velocitatem
3113 4098 3140 4137 ,
3227 4030 3360 4150 sed
3422 4065 3559 4147 per
3609 4036 4084 4152 quadratum

1260 4146 1407 4237 suae
1448 4154 1887 4249 velocitatis
1935 4152 2244 4235 actualis
2281 4214 2308 4253 ,
2373 4153 2974 4267 multiplicetur,
3037 4152 3206 4241 fore
3258 4154 3820 4267 productorum
3868 4150 4086 4239 sum-

1258 4272 1467 4355 mam
1528 4272 1958 4353 constanter
2012 4267 2341 4353 eandem
2389 4271 3234 4382 atqueinvariabilem.
3393 4268 3599 4383 Qo
3674 4267 3838 4385 ipso
3875 4302 4086 4357 con-

1257 4380 1587 4473 servatio
1641 4386 1921 4485 vitium
1974 4387 2346 4487 vivarum
2381 4384 2698 4473 mirifice
2750 4390 3150 4474 adstruitur
3185 4424 3214 4481 ‚-
3281 4412 3578 4477 tantum
3627 4392 3842 4477 abest
3903 4420 4086 4476 me-

1256 4527 1422 4588 tum
1475 4496 1768 4589 subesse
1805 4508 1857 4603 ,’
1898 4531 1997 4587 ne
2054 4503 2492 4617 aliquando·
2533 4530 2800 4592 motus
2855 4510 3107 4595 omnis
3169 4510 3248 4591 in
3297 4535 3548 4592 rerum
3606 4534 4086 4625 natura‘pc-

1250 4646 1417 4721 teat
1456 4682 1487 4729 ,
1548 4622 1891 4747 indeque
1934 4644 2198 4733 totum
2251 4620 2685 4742 unigersum
2741 4629 2824 4741 in
2860 4626 3098 4741 chaos
3145 4622 3609 4719 duriffimum
3659 4634 3739 4715 ὅ(
3769 4631 4086 4831 ’ἰσιιζο-

2207 4783 2218 4793 ·
3962 4747 4088 4833 ile
