4390 5773
1062 516 1079 525 ,
1208 448 1370 510 212
1616 415 2202 515 N·.CXLI.
2327 414 3712 520 DEEPIC'YC'LOIDIBUS

1200 587 1251 678 ‘„
1278 583 1490 659 infula
1516 639 1541 676 ,
1595 607 1671 662 ut
1708 591 1845 662 haec
1879 589 2262 684 imperviis·‚
2311 589 2746 666 mutabilibus
2769 643 2801 680 a
2845 589 3313 683 fallacibusque
3337 589 3734 682 contemptis
3755 595 3992 676 ,eeter-

1203 735 1251 774 ω
1277 709 1365 756 na
1414 685 1581 774 ista,
1632 713 1779 782 quae
1825 687 2073 782 semper
2114 693 2176 762 δι
2220 692 2578 784 unicuique
2625 689 2774 766 sunt
2817 691 3042 764 eadem
3081 743 3106 778 ‚
3139 707 3402 761 tantum
3449 707 3711 781 appetat
3736 738 3760 773 ,
3805 688 3991 760 nihil-

1200 835 1249 872 „
1278 799 1407 874 que
1475 786 1653 860 aliud
1717 811 2011 882 unquam
2055 787 2262 885 magis
2303 789 2676 871 innocuum
2725 787 2882 864 scire
2929 790 3282 884 perquirat.
3311 785 3354 822 “
3451 783 3808 880 Hucusque
3848 787 3994 866 vx-

1210 900 1264 952 v
1281 902 1309 953 1
1328 902 1375 952 Α
1398 903 1453 952 N
1474 903 1523 956 u
1545 905 1600 958 s.

1302 981 1409 1052 Ex
1451 985 1579 1056 hoc
1604 985 2023 1080 proponendi
2058 983 2264 1060 modo
2295 1038 2319 1074 ,
2367 990 2436 1062 δε
2472 1011 2558 1060 ex
2591 1013 2672 1062 eo
2701 985 2882 1080 quod
2911 987 2994 1060 ad
3021 983 3479 1060 celeberrimos
3515 983 3641 1056 aevi
3683 980 3777 1086 sui
3814 985 3993 1056 Geo-

1202 1096 1451 1151 metras
1494 1085 1923 1178 Programma
1954 1083 2144 1158 suum
2188 1087 2364 1166 mitti
2409 1088 2670 1166 curavit
2693 1137 2718 1174 ,
2760 1083 2946 1166 facile
2989 1086 3132 1177 quis
3176 1085 3248 1158 in
3292 1083 3680 1176 opinionem
3711 1082 3996 1168 venerit,

1202 1176 1335 1250 hoc
1380 1181 1662 1274 aenigma
1700 1184 1985 1256 arduum
2016 1187 2081 1256 &
2108 1182 2376 1258 difficile
2415 1183 2634 1258 solutu
2681 1187 2918 1259 Autori
2959 1182 3077 1255 suo
3115 1181 3329 1256 visum
3377 1179 3603 1253 fuifl'ez
3655 1199 3994 1253 verumta-

1204 1298 1363 1346 men
1406 1303 1561 1350 cum
1601 1305 1741 1352 non
1784 1279 2102 1354 dubitarit
2138 1285 2300 1376 quin
2342 1282 2818 1356 recentioribus
2852 1281 3188 1376 Analystie
3217 1279 3434 1352 statim
3463 1276 3542 1352 fit
3573 1276 3995 1365 solvendum,

1202 1369 1381 1446 forte
1424 1401 1565 1449 non
1618 1398 1753 1450 tam
1803 1405 1843 1451 a
1885 1379 2272 1456 difficultate
2311 1405 2511 1476 quam
2553 1383 2872 1476 elegantia
2911 1379 3259 1458 Problema
3307 1380 3432 1450 hoc
3477 1373 3668 1450 suum
3695 1377 3866 1448 tanti
3895 1374 3989 1448 fe-

1204 1471 1333 1558 eit,
1376 1478 1443 1546 &
1487 1476 1795 1549 credibile
1844 1501 2112 1572 quoque
2154 1479 2293 1565 est,
2335 1481 2464 1552 hoc
2489 1479 2772 1574 aenigma
2815 1477 3300 1574 praeclariffimo
3341 1477 3512 1549 Viro
3554 1475 3626 1547 in
3667 1475 3992 1548 Veterum

1204 1571 1591 1647 Geometria
1629 1577 1959 1650 innutrito
1988 1581 2053 1652 ὅτ.
2086 1601 2328 1672 magna
2369 1579 2703 1672 diligentia
2747 1579 2988 1650 cuneta
3027 1597 3334 1652 excutere
3381 1568 3574 1646 iblito
3603 1623 3629 1659 ,
3679 1573 3824 1667 plus
3877 1571 4020 1643 nc(

1201 1672 1370 1762 gorii
1420 1671 1653 1746 dediffe
1693 1699 1891 1766 quam
1938 1677 2077 1749 aliis
2118 1675 2485 1768 Analystis‚
2539 1679 2653 1770 qui
2703 1678 3050 1748 methodos
3093 1670 3606 1746 infinitefimales
3661 1672 3867 1764 magis
3917 1672 3990 1742 in

1200 1789 1523 1864 promptu
1568 1769 1919 1846 habebant.
2024 1775 2298 1848 Illustris
2349 1776 2530 1850 enim
2577 1779 2916 1848 Lzran
2944 1793 3160 1847 'rius
3211 1771 3446 1844 eodem
3487 1769 3639 1855 die,
3685 1795 3820 1862 quo
3869 1793 3990 1840 no-

1200 1867 1423 1943 titiam
1474 1869 1905 1945 Problematis
1945 1877 2177 1946 nactus
2234 1873 2328 1945 est
2357 1923 2380 1958 ‚
2447 1872 2587 1966 ejus
2625 1871 3024 1945 solutionem
3071 1872 3331 1942 invenit
3359 1920 3382 1958 ,
3431 1893 3630 1962 quam
3680 1867 3992 1962 peculiari

1200 1963 1431 2039 scheda
1472 1968 1855 2062 descriptam
1884 2021 1910 2057 ,
1963 1975 2027 2044 ἃ
2063 1979 2304 2066 Μαρια
2345 1978 2604 2044 Etruriae
2649 1977 2917 2061 Primipi
2955 1969 3330 2063 inscriptam
3377 1967 3688 2060 proximu
3729 1964 4000 2038 cursore

1200 2065 1611 2140 Florentiam
1654 2065 1953 2148 miseran
2014 2074 2077 2142 &
2106 2071 2304 2164 paulo
2331 2069 2478 2164 post
2503 2071 2782 2142 totidem
2813 2067 3032 2141 verbis
3059 2069 3128 2142 in
3169 2070 3332 2140 aaa
3369 2068 3768 2138 Enditorum
3803 2077 3992 2154 1692

1202 2163 1582 2239 transtulit.·
1660 2169 2077 2242 Occurrunt·
2112 2193 2382 2262 quoque
2427 2170 2724 2262 quinque
2766 2166 3126 2240 solutiones
3175 2163 3448 2238 diversae
3491 2213 3515 2250 ,
3571 2188 3730 2258 quas
3770 2163 3989 2254 Jacob.

1201 2263 1759 2339 BERNOULLI
1810 2267 1883 2338 in
1926 2266 2159 2342 eodem
2199 2269 2500 2340 AHorum
2539 2291 2718 2340 anno
2761 2264 2972 2340 Mens
3013 2264 3314 2359 Augusto
3361 2261 3680 2336 exhibuit.
3783 2263 3996 2334 Dedit

1198 2385 1468 2454 quoque
1512 2365 2073 2443 XVALLISIUS
2121 2367 2376 2458 aliquot
2419 2363 2778 2438 solutiones
2807 2366 2880 2436 in
2921 2367 3082 2456 Cap.
3121 2383 3258 2452 192
3305 2360 3452 2436 suae·
3489 2359 3788 2458 Algebrae.
3865 2360 3996 2432 Sed

1198 2462 1511 2533 omnium
1540 2461 1674 2535 fere
1702 2463 2187 2558 elegantiffimae
2215 2465 2527 2537 videntur
2557 2463 2676 2537 effe
2703 2461 3228 2537 constructiones
3256 2511 3280 2546 ,
3321 2483 3482 2553 quas
3522 2461 3633 2532 Vt
3651 2481 3698 2530 v
3717 2481 3740 2531 1
3760 2481 3800 2530 Α
3823 2479 3876 2530 N
3897 2477 4000 2536 us,

1196 2556 1331 2650 ipse
1370 2561 1439 2630 in
1484 2561 1788 2654 peculiari
1830 2562 2143 2656 opusculo
2190 2565 2422 2638 Italico
2465 2561 2814 2649 sermone,
2859 2585 3040 2634 anno
3089 2571 3274 2649 1692
3305 2610 3326 2642 ‚
3371 2559 3722 2633 Florentiae
3763 2561 4000 2645 edite,

1196 2651 1309 2732 sed
1355 2655 1492 2730 fine
1540 2659 2268 2749 demonstrationibus,
2315 2660 2582 2756 publico
2628 2663 3011 2756 impertivit.
3075 2659 3232 2732 vid.
3265 2659 3410 2730 Aet.
3456 2656 3698 2732 Erudit.
3755 2671 3994 2748 1694,

1194 2781 1344 2850 pag.
1414 2777 1580 2848 207.
1654 2759 2278 2834 Demonstrationes
2339 2787 2378 2834 a
2449 2762 2906 2834 VIVIANO
2970 2753 3317 2850 suppreffas
3367 2780 3452 2828 ex
3499 2754 3760 2848 propria
3809 2779 3999 2846 penu

1200 2855 1507 2951 deinceps
1531 2856 1934 2952 deprompfit
1962 2863 2025 2933 δι
2059 2860 2240 2933 dedit
2269 2861 2336 2933 P.
2367 2857 2592 2934 Abbas
2635 2857 2844 2933 Guido
2887 2860 2956 2931 G
2975 2877 3018 2929 R
3041 2877 3088 2929 Α
3107 2875 3163 2929 N
3183 2873 3352 2929 Dus
3395 2857 3462 2925 in
3499 2851 3808 2947 lingulati
3835 2879 3994 2948 ope-

1194 2980 1268 3027 re
1292 3006 1315 3041 ‚
1370 2958 1551 3045 quod
1580 2956 1965 3029 Problemata
2016 2965 2315 3033 Vivianea
2361 2954 2700 3046 inscripsit.
2803 2957 3044 3029 Totius
3083 2954 3451 3044 aenigmatis
3491 2951 3728 3023 solutio
3759 2978 3870 3023 eo.
3895 2978 3998 3023 re-

1196 3052 1341 3136 dit,
1382 3070 1456 3121 ut
1492 3048 1791 3125 Testudo
1823 3052 1897 3121 iis
1925 3048 2222 3125 fenestris
2265 3052 2632 3143 aperiatur,
2677 3048 2916 3143 quibus
2957 3050 3036 3121 de
3076 3047 3415 3143 superficie
3445 3066 3587 3121 tota
3611 3049 3996 3143 hemisphae-

1194 3149 1280 3221 rii
1308 3149 1613 3221 detractis
1634 3198 1659 3233 ‚
1702 3146 1953 3221 refidua
1984 3167 2250 3223 maneat
2287 3148 2655 3243 finperficies
2697 3148 3091 3241 geometrice
3132 3147 3570 3240 quadrabilis;
3609 3148 3790 3239 quod
3835 3146 3995 3221 infi-.

1192 3248 1354 3325 nitis
1390 3245 1659 3320 diverfis
1706 3248 1923 3327 modis
1968 3246 2113 3320 fieri
2165 3247 2396 3342 potest.
2498 3250 2652 3345 Jam
2705 3250 2866 3323 olim
2914 3248 3257 3319 Pare-us
3306 3246 3768 3319 Alexandr-inm
3827 3247 3995 3319 Col-

1190 3347 1561 3431 lefflonum
1604 3345 1783 3420 Libr.
1826 3348 1970 3423 IV.
2018 3350 2212 3442 Prop.
2267 3368 2360 3437 32
2421 3346 2708 3422 ostendit
2732 3396 2756 3432 ‚
2815 3346 3195 3441 portionem
3253 3342 3588 3437 sphaericae.
3625 3342 3997 3438 superficiei

1192 3446 1481 3539 quadam
1520 3442 1735 3539 spirali
1776 3446 2208 3539 interceptam
2237 3495 2261 3531 ,
2313 3446 2448 3517 dati
2491 3442 2829 3539 cujusdam
2866 3443 3174 3539 tri-anguli
3219 3444 3554 3536 octuplam
3591 3442 3752 3525 effe3
3799 3448 3868 3516 ἃ
3895 3442 3998 3515 fa-

1195 3544 1317 3617 cile
1356 3541 1486 3615 fuit
1526 3540 1798 3634 posteris
1840 3546 1994 3619 alias
2042 3546 2115 3617 in
2159 3542 2425 3637 sphaerae
2457 3540 2792 3639 superficie
2836 3544 3178 3637 portiones
3228 3542 3534 3620 invenire
3562 3590 3586 3628 ‚
3627 3566 3778 3638 quae
3817 3541 3998 3617 datis

1192 3641 1406 3735 planis
1450 3640 1796 3713 rectilineis
1838 3644 2119 3735 aequales
2160 3640 2382 3718 effent.

1296 3739 1425 3813 Sed
1464 3736 1812 3813 difficilius,
1838 3740 2049 3813 videri
2088 3758 2351 3836 poterat
2394 3736 2743 3817 problema
2768 3788 2792 3825 ‚
2837 3737 2884 3813 fi
2933 3742 3081 3813 loco
3129 3738 3488 3833 spatiorum
3536 3738 3604 3809 in
3649 3734 4000 3831 superficie

1189 3836 1502 3932 sphaerica
1546 3836 2033 3931 quadrabilium
2056 3890 2082 3927 ‚
2138 3858 2594 3932 quaererentur
2635 3838 2824 3912 lineae
2871 3840 3266 3933 geometrice
3309 3834 3776 3911 redtificabiles.
3887 3840 4000 3915 Ita

1188 3935 1419 4015 saltem
1459 3934 1657 4011 sentit
1697 3939 1905 4011 Carol.
1934 3940 2201 4028 Ermstm
2239 3940 2970 4017 orrannunoms
2995 3990 3020 4026 ,
3063 3938 3280 4031 quiin
3309 3938 3480 4009 Agis
3505 3934 3998 4026 Erudit-1718,

1188 4062 1338 4131 pag.
1377 4055 1512 4127 175
1544 4088 1569 4124 ‚
1611 4038 1739 4111 hoc
1776 4036 2125 4111 Problema
2164 4034 2556 4133 proposuit:
2603 4035 3000 4111 Teffudinem
3037 4032 3808 4127 hemisphaericamfmfiris
3833 4058 4006 4111 ova«

1190 4133 1343 4209 libus
1376 4136 1689 4227 perfhrare
1704 4187 1729 4222 ‚
1780 4162 2048 4232 quarum
2092 4161 2470 4231 unaquaque
2512 4135 2906 4227 peripheriam
2951 4136 3220 4226 absolute
3259 4132 3703 4227 refflficabilem
3739 4130 3996 4213 babeas.

1190 4234 1445 4307 Utrum
1494 4233 1598 4303 hic
1646 4236 1858 4305 Autor
1889 4234 2238 4307 Problema
2275 4234 2466 4307 suum
2510 4230 2776 4308 solverit
2825 4256 2948 4307 nec
2975 4258 3098 4319 ne,
3143 4234 3223 4311 de
3268 4258 3348 4305 eo
3395 4232 3556 4306 mihi
3605 4228 4000 4303 nihil-‘cons-

1190 4347 1337 4407 tat:
1390 4330 1518 4403 hoc
1560 4328 1786 4403 saltem
1812 4333 2017 4421 novi,
2074 4330 2422 4407 Problema
2455 4355 2599 4403 non
2643 4330 2763 4404 effe
2805 4348 3008 4405 tantae
3029 4330 3474 4415 difficultatiS,
3523 4346 3790 4425 quantae
3823 4326 4002 4409 illud

1187 4426 1313 4507 effe
1381 4429 1619 4505 Autori
1666 4430 1936 4503 videtur
1978 4458 1997 4503 ε
2047 4428 2286 4505 solutio
2347 4430 2529 4503 enim
2571 4426 2775 4503 facilis
2829 4449 3054 4504 manat
3094 4454 3134 4501 a
3177 4426 3701 4505 confideratione
3741 4428 3998 4521 Epicyq

1040 4504 1059 4541 ⁸
1107 4595 1113 4601 .
1190 4526 1487 4601 cloidum
1532 4526 2007 4621 sphaericarum.
2050 4602 2068 4617 s
2095 4529 2303 4618 Quid
2352 4553 2514 4602 vero
2579 4554 2694 4623 per
2749 4530 2862 4609 has
2903 4530 3364 4626 Epicyclo'ides
3408 4528 3822 4604 intellectum
3872 4552 4000 4603 vea

1189 4626 1311 4707 lim
1328 4678 1357 4719 ,
1402 4630 1765 4725 explicatur
1802 4630 1877 4718 in
1922 4627 2316 4724 definitione
2362 4624 2681 4727 sequenti.
3469 4730 3538 4801 D
3575 4730 3629 4797 E
3661 4730 3713 4803 f
3743 4698 3797 4795 I·
3812 4726 3900 4801 Ν
3932 4726 4000 4801 I,
