4390 5773
861 592 1334 671 INDEX
1429 573 2413 669 NUMEROR'UM.
2966 591 3101 677 563

523 728 684 801 [ιδ.
729 733 798 799 Χ
821 728 872 799 L
910 732 1014 801 VI
1043 736 1076 799 l
1099 735 1147 799 Ι.
1209 730 1314 799 De
1365 728 1540 801 Serie
1585 726 1994 823 exprimente
2042 723 2421 796 binomium
2456 720 2535 793 ad
2581 718 2967 815 potestatem
3007 723 3113 793 in-

623 827 1120 897 determinatam
1161 827 1486 896 elevatum
1511 874 1533 909 ,
2966 840 2999 907 5
3012 840 3107 897 22

525 925 686 997 m.
741 930 812 993 X
833 930 1042 995 LIX.
1091 925 1194 995 De
1243 923 1677 1008 Quadraturis
1746 923 1811 993 δε
1866 916 2453 993 τεᾶἰὸοειῑίοηίὴιις
2480 971 2502 1006 ,
2559 921 2621 990 8ι
2670 918 2749 989 de
2807 918 3105 990 radicum

623 1020 1142 1115 extracstionibus
1183 1046 1295 1113 per
1340 1022 1544 1093 Series
1591 1016 1884 1093 infinitas
1915 1067 1939 1105 ‚
2968 1025 3111 1101 526

523 1119 686 1192 Lea,
730 1124 805 1189 L.
841 1125 957 1191 LI.
1001 1126 1048 1189 L
1073 1124 1170 1190 ΙΙ.
1233 1120 1337 1190 De
1375 1118 1781 1189 extractione
1817 1116 2110 1187 radicum
2143 1138 2575 1187 numerorum
2624 1114 3110 1185 irrationalium

625 1240 738 1305 per
783 1218 988 1288 Series
1027 1214 1320 1287 infinitas
1349 1266 1373 1301 ‚
1433 1215 1634 1285 modo
1689 1211 1946 1285 diverso
2003 1238 2040 1284 a
2081 1214 2471 1304 praecedenti
2505 1264 2529 1298 ,
2968 1230 3107 1299 529

526 1313 688 1384 Lea.
740 1318 790 1383 L
817 1318 906 1383 ΙΙ
928 1320 975 1383 l.
1048 1314 1154 1384 De
1203 1312 1619 1384 inveniendis
1659 1310 1984 1383 radicibus
2036 1310 2490 1403 aequationum
2558 1310 3112 1403 per-continuam

527 1430 1838 1581 LegPpllitixll‘ffngioessia'Construffione
1887 1506 2281 1600 geometrica
2326 1503 2819 1577 problematum
2871 1425 3113 1575 solidoz

629 1627 780 1675 rum
835 1607 894 1676 8ι
947 1602 1510 1697 hypersolidorum
1566 1629 1679 1697 per
1720 1608 1930 1677 redias
1988 1606 2189 1675 lineas
2238 1608 2301 1677 ἃ
2359 1603 2633 1675 circulos
2662 1652 2683 1687 ,
2974 1622 3113 1693 539

526 1702 690 1781 Lea.
731 1708 784 1771 L
815 1708 870 1774 V
893 1709 942 1774 Ῑ.
989 1709 1039 1773 L
1072 1710 1130 1777 V
1144 1710 1179 1774 Ι
1193 1710 1242 1773 1.
1298 1709 1351 1773 L
1383 1708 1493 1777 Vl
1515 1707 1552 1772 1
1572 1709 1622 1772 Ι.
1673 1708 1776 1772 Ll
1795 1707 1876 1773 X.
1912 1702 2456 1775 Additamentum
2510 1702 2589 1771 ad
2623 1698 2991 1773 Articulum
3031 1699 3114 1769 de

629 1799 872 1873 Curvis
929 1798 1265 1874 Causticis.
1365 1802 1472 1873 De
1514 1798 1830 1873 Causticis
1875 1824 1992 1895 per
2037 1797 2532 1874 Refradtionem
2559 1846 2586 1885 ,
2658 1798 2661 1803 ’
2972 1804 3117 1892 546

1418 2096 2062 2169 FINIS.
