4390 5773
804 2425 817 2444 ,
962 2362 1089 2438 Fig-
1119 2370 1216 2432 88·

1312 364 1483 466 ‘450
1606 345 2195 446 N⁶.CXLIX.
2259 347 3015 465 anrroXXI.
3126 360 3340 447 ‘DE'
3409 361 3690 452 CUR
3734 283 3966 456 Vis

1312 515 1425 604 ria
1452 516 1717 606 circuli
1738 514 1954 633 super
1979 523 2179 605 resta
2207 521 2410 608 linea·
2435 522 2694 619 rotati,
2737 521 2958 635 quod
2987 516 3270 608 scilicet
3299 490 3658 611 evolutio
3681 527 3900 636 hujus
3927 525 4064 643 Cy·-

1315 633 1671 725 cloideos
1718 640 2043 724 eandem
2098 635 2578 750 Cycloidem
2629 666 3094 753 progeneret
3120 675 3145 734 ;
3211 641 3520 728 dubitaae
3542 648 3754 758 itque
3807 673 3902 728 an
3935 653 4062 733 aliae

1313 751 1593 841 dentur
1644 785 1891 840 curvae
1925 819 1951 855 ,
2016 787 2185 870 quae
2233 787 2366 868 per
2415 754 2626 842 suam
2683 761 3223 843 evolutionem
3261 755 3688 844 describant
3735 766 3916 846 alias
3959 765 4064 850 fibi

1312 870 1595 958 fimiles
1637 900 1687 958 ε·
1737 874 1822 958 id
1866 903 2189 988 quoque
2241 873 2474 966 Nob.
2544 870 2634 962 T
2661 902 2698 960 s
2729 897 2789 963 C
2815 897 2888 962 H
2917 899 2950 960 1
2976 899 3042 963 R
3068 898 3134 960 N
3163 899 3234 962 Η
3263 901 3326 962 Α
3357 898 3424 966 υ
3449 905 3484 962 s
3552 880 4068 967 demonstravit

1308 989 1413 1077 de
1446 986 1573 1075 sua
1622 987 1985 1077 Caustica
2012 1051 2037 1090 ,
2102 993 2318 1078 fimul
2365 995 2777 1078 ostendens
2831 995 3051 1106 quod
3093 995 3178 1077 fit
3215 993 3574 1106 Cyclois.
3695 993 3866 1084 Hic
3907 1028 4076 1086 vero·

1308 1111 1950 1220 monstrabimuS,
2016 1107 2238 1224 quod
2286 1140 2446 1196 non
2498 1107 2740 1196 solum
2777 1108 3108 1224 Cyclois
3155 1115 3487 1226 vulgaris
3548 1108 3728 1202 HU
3759 1141 3816 1200 G
3847 1137 4066 1203 ENH

1310 1231 1393 1310 &
1422 1221 1782 1311 Caustica
1814 1223 1903 1311 T
1926 1253 1961 1310 s
1982 1247 2041 1312 C
2062 1251 2133 1312 H
2154 1252 2187 1312 1
2209 1251 2274 1314 R
2292 1249 2356 1310 N
2384 1253 2456 1312 H
2477 1251 2538 1312 A
2561 1253 2626 1320 U
2645 1255 2680 1314 s
2701 1252 2732 1312 1
2752 1253 2786 1314 1
2837 1233 2976 1312 hac
3003 1234 3470 1342 proprietate
3498 1234 3882 1344 gaudeant
3902 1293 3924 1332 ,
3963 1229 4064 1320 sed

1303 1344 1531 1543 Puod
1568 1371 1843 1430 omnes
1879 1339 2316 1456 Cycloides
2343 1345 2727 1457 poffibiles
2755 1408 2782 1445 ,
2845 1371 3248 1460 quotquot
3291 1378 3552 1432 earum
3592 1353 3895 1463 concipi
3925 1348 4066 1460 pos-

1338 1486 1477 1546 unt
1501 1524 1528 1565 ,
1592 1493 1727 1576 per
1759 1458 1923 1546 suas
1962 1463 2459 1547 evolutiones
2491 1463 2625 1545 fibi
2669 1463 2940 1549 firniles
2972 1461 3404 1576 Cycloides
3435 1465 4066 1554 describan:.Alia

1306 1583 1543 1664 etiam
1576 1583 2020 1664 adnectetur
2050 1607 2280 1664 curva
2309 1611 2406 1664 ex
2445 1576 2848 1691 Spiralium
2885 1609 3165 1694 genere
3189 1647 3210 1679 ,
3275 1589 3486 1691 cujus
3531 1588 3888 1668 evolutio
3931 1615 4064 1671 non

1246 1743 1251 1746 ·
1300 1693 1548 1794 {olum
1595 1695 1728 1809 ipfi
1766 1696 2084 1782 fimilern
2126 1757 2150 1794 ‚
2215 1695 2344 1782 sed
2395 1699 2622 1808 plane
2665 1699 2994 1784 eandem
3049 1698 3420 1811 Spiralem
3471 1705 3889 1814 progignit.

1412 1807 1640 1901 Ante
1685 1817 1952 1898 omnia.
2001 1807 2556 1926 dispiciendum
2585 1875 2612 1915 ,
2675 1815 2868 1931 quid
2921 1815 3008 1899 fit
3045 1845 3282 1900 curva
3343 1819 3791 1932 cycloidalis
3835 1882 3862 1920 ‚
3921 1847 4071 1932 quae

1298 1933 1602 2018 definiri
1662 1933 1966 2044 potest·,
2047 1932 2271 2043 quod
2332 1929 2418 2016 fit
2481 1961 2716 2018 curva
2787 1961 2958 2045 quae
3011 1932 3380 2020 formatur
3444 1962 3491 2018 a
3549 1940 3838 2048 pancio
3895 1940 4064 2048 peri-

1298 2053 1581 2164 pheriae
1636 2051 1897 2133 circuli
1943 2043 2159 2158 super
2201 2051 2368 2133 alio-
2405 2051 2698 2134 circulo
2756 2055 3091 2136 immoto
3135 2054 3395 2137 rotati.
3459 2051 3576 2138 Sit
3610 2047 3894 2138 ABC
3947 2057 4062 2138 cir-

963 2193 1025 2259 T
1062 2195 1105 2255 Λ
1148 2191 1212 2254 Β.
1301 2170 1515 2252 culus
1573 2170 1937 2252 immotus
1988 2161 2206 2269 super
2252 2171 2463 2274 cujus
2510 2169 2938 2282 peripheria
2997 2170 3644 2254 circumvolvatur
3693 2173 3842 2280 afia
3889 2173 4060 2280 peri-

941 2274 1227 2338 Lxlll.
1296 2287 1563 2400 pheri'a
1628 2287 1885 2369 circuli
1938 2277 2264 2374 B·DE;
2347 2289 2706 2396 punemm
2771 2284 3092 2399 aliquod
3155 2281 3248 2372 D
3304 2289 3382 2372 in
3453 2287 3599 2370 hac
3663 2289 4064 2400 peripheria

1294 2409 1679 2517 sumptum
1727 2397 2107 2488 describet
2159 2430 2472 2485 curvam
2511 2397 2596 2484 A
2623 2395 2872 2500 DC,
2933 2431 3105 2516 quae
3139 2429 3464 2488 vocatur
3512 2398 3872 2516 CycloiS.
3911 2401 4063 2492 Ubi

1222 2597 1229 2608 .
1291 2525 1541 2608 statim
1595 2544 1911 2632 apparet
1946 2579 1971 2617 ‚
2036 2517 2265 2631 quod·
2313 2520 2684 2603 existente
2751 2521 3038 2604 circulo
3093 2513 3374 2606 ΑΒΕ
3437 2521 3745 2606 infinito
3775 2582 3801 2616 ‚
3884 2525 4065 2626 peri·

1288 2642 1557 2753 pheria
1627 2634 1712 2725 A
1736 2635 1803 2722 B
1826 2633 1907 2722 C
1971 2635 2338 2723 deveniat
2381 2638 2585 2722 linea
2647 2641 2900 2727 reem
2964 2637 3292 2750 proinde
3353 2667 3584 2724 curva
3631 2632 3942 2724 ADC
3987 2637 4078 2721 fit.

1238 2789 1245 2794 ·
1289 2752 1624 2872 Cyclois
1668 2757 1999 2869 vulgaris
2052 2753 2498 2864 Hageniana
2535 2787 2570 2844 ς
2623 2753 2851 2869 quod·
2894 2783 3084 2870 ergo
3133 2757 3212 2839 in
3277 2785 3560 2870 genere
3608 2756 4062 2841 demonstra·-

1287 2902 1411 2961 tur
1474 2875 1576 2961 de
1638 2875 2001 2959 omnibus
2045 2869 2570 2985 Cycloidibus
2609 2934 2636 2973 ,
2699 2875 2982 2985 pariter
3049 2875 3282 2958 etiam
3339 2873 3924 2989 intelligendum
3967 2873 4062 2957 est

1290 2994 1392 3079 de
1428 2994 1749 3097 vulgari.
1871 2986 2017 3077 Per
2070 2993 2650 3103 generationem
2711 3018 2960 3075 curvae
3010 3016 3228 3103 patet
3291 3020 3616 3105 quoque
3689 2989 3922 3103 quod
3961 3019 4060 3075 ars

1282 3140 1419 3199 cus
1466 3106 1639 3196 AB
1697 3111 2161 3219 interceptus
2217 3108 2411 3189 inter
2463 3108 2763 3191 initium
2813 3135 3062 3193 curvae
3105 3103 3239 3209 A,
3309 3114 3390 3193 δι
3469 3113 3834 3223 punctum
3887 3138 4058 3189 con-

1284 3223 1535 3325 εειέὶἴῑιιεἢ
1576 3224 1647 3313 Β
1692 3228 1953 3310 circuli
2004 3218 2274 3313 BDE
2331 3225 2583 3308 ubivis
2645 3224 3038 3311 existentis
3069 3286 3095 3325 ‚
3157 3224 3246 3309 fit
3279 3228 3588 3339 aequalis
3647 3228 3854 3309 arcui
3893 3221 4060 3309 BD

1288 3350 1722 3459 intercepto
1768 3347 1964 3430 inter
2034 3344 2244 3443 idern
2297 3347 2692 3454 punctum,
2726 3347 3120 3427 contactus
3173 3350 3252 3427 &
3303 3344 3497 3426 inter
3549 3348 3908 3457 punctum
3959 3337 4060 3425 as-

1280 3462 1665 3577 fiamptum
1700 3459 1843 3547 D:
1909 3461 2603 3545 circumvolvendo
2640 3461 2852 3575 enim
2886 3462 3244 3545 circulum
3284 3454 3595 3562 BDE,
3637 3490 3854 3543 arcus
3893 3456 4062 3543 BD

1176 3638 1179 3643 -
1282 3586 1595 3667 metitur
1634 3608 1891 3663 arcum
1946 3574 2141 3662 AB.
2265 3572 2488 3661 Hinc
2529 3576 2580 3658 fi
2635 3577 2825 3660 dato
2885 3578 3106 3661 initio
3156 3574 3247 3665 A
3298 3584 3378 3661 &
3437 3608 3614 3664 arcu
3663 3573 3886 3675 AB,
3951 3580 4064 3661 in·

1279 3701 1533 3785 veniri
1604 3700 1855 3805 potest
1906 3696 2380 3807 geometrice
2428 3698 2786 3804 punstum
2839 3690 2978 3793 D,
3041 3688 3126 3779 iii
3161 3698 3268 3779 est
3297 3754 3322 3794 ‚
3387 3696 3574 3779 dato
3614 3683 3840 3778 initio
3875 3690 4064 3779 A&

1278 3844 1454 3903 arcu
1518 3812 1690 3899 AB
1726 3876 1749 3911 ,
1818 3812 1869 3897 fi
1920 3812 2393 3924 geometrice
2449 3812 2658 3893 arcui
2711 3806 2888 3896 AB
2941 3814 3250 3923 aequalis
3293 3809 3628 3896 abscindi
3663 3814 3916 3923 potest
3949 3838 4062 3895 ar-

1279 3964 1412 4021 cus
1458 3930 1690 4024 BD‚·
1758 3933 1900 4017 erit
1957 3927 2288 4040 Cyclois
2331 3922 2626 4011 ADC
2675 3958 2904 4011 curva
2948 3932 3442 4045 geometrica.
3508 3926 3590 4014 Si
3628 3958 3818 4013 vero
3856 3931 4066 4012 arcui

1277 4050 1467 4143 AB
1521 4082 1678 4136 non
1737 4051 1987 4145 potest
2045 4050 2521 4161 geometrice
2575 4049 2898 4143 inveniri
2965 4074 3194 4131 arcus·
3235 4049 3542 4159 aequalis
3601 4041 3782 4131 BD
3813 4108 3838 4144 ‚
3921 4048 4062 4129 erit

1129 4219 1141 4233 s
1279 4166 1609 4277 Cyclois
1658 4165 1739 4251 A
1766 4162 1961 4251 DC
2002 4167 2480 4250 mechanica„
2593 4160 3030 4250 Ostendam
3067 4190 3324 4249 autem
3363 4164 3584 4278 quod
3627 4168 3704 4247 i'n
3751 4159 4065 4277 quibus·

1277 4286 1453 4369 dam
1488 4282 2010 4393 Cycloidlbus
2034 4284 2378 4393 possibile
2419 4280 2506 4363 fit
2533 4282 2736 4365 arcui
2773 4277 2948 4367 AB
2985 4286 3350 4393 aequalem
3380 4279 3822 4368 abscindere
3853 4280 3918 4366 B
3941 4278 4056 4380 D,

1274 4407 1350 4487 in
1400 4402 1783 4514 aliquibus-
1850 4432 2043 4487 vero
2097 4398 2562 4511 ‘impoffibile
2605 4430 2636 4486 r
2689 4398 3051 4511 adeoque
3107 4395 3482 4485 ostensum
3541 4402 3754 4481 timul
3835 4404 3980 4483 erit
4023 4458 4058 4497 ‚

1264 4522 1487 4639 quud
1532 4520 1885 4641 quaedam
1950 4519 2386 4637 Cycloides
2419 4518 2562 4603 fint
2603 4546 2850 4603 curvae
2901 4522 3388 4631 geometricae
3411 4510 3452 4619 ⁰,
3511 4516 3864 4635 quaedam
3913 4546 4054 4599 ve-

1386 4694 1393 4702 ·
3957 4660 4072 4716 ro-
