4390 5773
662 377 2626 522 ·V1R1U.M·V1VAR²UM.·
2951 352 3180 491 ..249'

1510 575 1939 676 ‘xxi
2747 567 2753 580 “

428 780 1045 900 Propositionem
1100 811 1359 872 autem
1410 786 1627 879 istam
1680 787 1783 878 de
1822 788 2113 878 viribus
2156 789 2360 880 vivis
2375 852 2408 895 ,
2469 816 2640 904 quae
2691 783 2775 874 in
2829 813 3114 900 corpo-

328 906 529 995 ribus.
573 904 993 1017 aequalibus
1070 901 1148 992 se
1224 907 1517 1001 habent
1570 909 1671 1004 ‚in
1742 907 2133 1021 duplicata
2203 911 2510 996 ratione
2565 907 3043 994 celeritatum
3081 965 3110 1008 ,

330 1023 559 1106 multis
612 1016 845 1107 adeo¹
878 1021 1659 1110 demonstrationibus
1714 1027 2017 1112 invictis
2066 1029 2380 1128 munivi,
2415 1030 2506 1122 in.
2549 1020 3114 1128 Dissertatione

330 1167 477 1224 mea
536 1138 675 1254 De,
720 1133 962 1226 illota
1022 1136 1241 1255 supra
1302 1143 1677 1257 allegata,
1739 1167 1827 1228 ut
1898 1149 2149 1230 actum
2207 1173 2562 1260 agerem,
2626 1143 2680 1226 fi
2738 1169 2868 1228 eas
2937 1167 3113 1225 om·

327 1287 443 1342 nes
498 1259 629 1341 hic
684 1283 1143 1372 repeterem.
1264 1255 1527 1346 Lubet
1573 1286 1833 1346 tamen
1874 1289 2107 1348 unam
2156 1267 2482 1364 referre,
2545 1291 2715 1376 quae
2771 1285 2922 1376 prae
2969 1287 3116 1344 cae-

326 1375 485 1460 teris
532 1376 797 1462 brevis
842 1379 969 1462 -est
1000 1383 1103 1462 ὅτι
1132 1405 1329 1464 non
1374 1372 1633 1464 minus
1686 1380 1887 1464 clara
1914 1441 1939 1480 ,
2000 1410 2268 1496 eoque
2319 1382 2768 1479 lubentius,
2831 1367 3056 1492 quod
3083 1435 3111 1478 ,

326 1523 474 1608 quae
527 1493 609 1578 in
661 1495 1271 1607 praecedentibus
1332 1493 1635 1616 differui
1654 1556 1681 1597 ,
1754 1495 2075 1584 mirifice
2130 1495 2564 1612 conspirant
2611 1496 2716 1584 ad
2764 1499 2929 1606 ejus
2993 1495 3110 1580 di-

324 1609 868 1718 lucidationem
922 1621 1005 1700 δε
1062 1613 1763 1704 confirmationem.
1878 1613 2051 1701 Sint
2105 1617 2268 1702 duo
2327 1643 2658 1732 corpora
2710 1615 3158 1728 inaequaIIa.

270 1751 283 1766 ·
324 1729 409 1814 A
454 1735 533 1813 ὅτ.
590 1727 711 1832 Β,
751 1730 1019 1842 [Ε’ς.
1070 1765 1112 1820 2
1150 1733 1203 1844 ]
1240 1726 2175 1848 quibus.quiescentibus,
2235 1735 2680 1850 interposita
2717 1732 3106 1844 concipia-
3167 1746 3270 1811 .'r
3301 1750 3344 1811 Λ
3379 1750 3444 1812 13.

326 1873 431 1932 tur
490 1840 719 1932 series
778 1849 1225 1936 elastmrum
1278 1852 1689 1965 aequalium
1743 1857 1825 1936 &
1876 1853 2270 1966 aequalioer
2330 1845 2750 1938 tenssrum.
2867 1847 3110 1964 Finge
3174 1829 3236 1891 X
3257 1829 3348 1973 ¹151
3367 1832 3452 1894 X·

324 1967 461 2072 jam
517 1965 839 2060 relaxari
898 1968 1211 2068 clastra,
1274 1991 1383 2056 ut·
1412 1969 1595 2054 hinc
1638 1969 1827 2054 inde
1888 1997 2224 2081 corpora
2279 1969 2380 2054 ab
2437 1971 2591 2056 illis
2647 1964 2884 2084 preffa
2937 1992 3106 2080 gra-
3177 1991 3305 2056 cx
3327 1957 3370 2055 [ᾗ
3393 1991 3462 2059 v,

326 2081 549 2174 «latim
609 2085 686 2167 in
736 2109 1041 2170 motum
1078 2086 1611 2186 concitentur,
1670 2113 1915 2172 unum
1964 2081 2486 2187 dextrorsum,
2550 2087 2878 2174 alterum
2913 2077 3106 2171 finis·
3193 2079 3316 2156 fig·
3363 2092 3420 2138 ²·

326 2193 689 2308 trorsum3
752 2201 1015 2289 donec
1056 2263 1085 2304 ,
1148 2195 1652 2290 omnimoda'
1689 2205 2153 2291 dilatatione·
2234 2209 2539 2320 peraeta
2580 2265 2608 2307 ,
2699 2229 3110 2318 utrumque

325 2345 479 2402 eam
532 2316 1037 2405 velocitatem
1086 2319 1571 2436 acquisiverit
1590 2381 1619 2422 ‚
1681 2351 1851 2436 quae
1916 2324 2111 2408 moli
2161 2317 2304 2408 fuae
2355 2323 2771 2424 convenit,
2828 2327 2910 2424 &
2955 2344 3116 2436 qua

322 2437 571 2548 postea
624 2435 1105 2524 uniformiter
1156 2441 1470 2524 moveri
1518 2463 1815 2554 perget.
1936 2436 2114 2530 Ubi
2174 2435 2566 2554 sequentia
2610 2435 2782 2526 sunt
2831 2463 3113 2528 notan-

326 2551 468 2652 da,
540 2562 647 2639 1⁰.
710 2547 1033 2668 Corpus
1082 2559 1331 2665 majus
1392 2556 1527 2656 A,
1592 2563 1675 2642 δι
1716 2585 1995 2670 corpus
2042 2560 2294 2648 minus
2335 2557 2412 2644 B
2437 2619 2476 2660 ,.
2590 2557 2892 2643 uolibet
2937 2586 3107 2642 mo·

322 2695 581 2756 mento
642 2669 1055 2784 preffiones
1107 2674 1498 2784 patiuntur
1548 2672 1687 2758 fibi
1742 2699 2016 2760 mutuo
2062 2677 2418 2789 aequales.
2641 2677 2766 2760 inc
2819 2677 2933 2762 2⁰.
2989 2675 3110 2759 in-

322 2815 699 2875 crementa
757 2790 1197 2876 velocitatis
1260 2793 1613 2907 corporis
1654 2791 1755 2878 A
1816 2819 2040 2898 erunt
2086 2793 2191 2880 ad
2257 2795 2739 2880 incrementa
2809 2791 3110 2901 veloci-

320 2910 485 2991 tatis
534 2910 885 3021 corporis
926 2908 1047 3011 Β,
1098 2912 1493 3023 reciproce
1538 2934 1623 2996 ut
1671 2908 1898 2997 malfa
1946 2913 2292 3025 corporis
2336 2911 2413 2998 B
2450 2910 2553 2997 ad
2595 2908 2902 2999 maffam
2938 2939 3112 2995 cor-

420 3026 519 3108 ris
578 3025 677 3110 A
696 3086 722 3126 ‚
772 3057 925 3141 per
991 3053 1387 3142 receptum
1464 3028 1762 3143 ubique
1825 3030 2286 3144 principium
2362 3030 2893 3143 dynamicum.
2989 3041 3112 3135 3‘.

382 3167 557 3254 runt
616 3171 807 3259 ergo
856 3145 939 3229 in
998 3146 1275 3232 eadem
1330 3174 1655 3261 quoque
1703 3149 2007 3234 ratione
2064 3140 2522 3235 velocitates
2581 3146 2864 3232 totales
2889 3206 2916 3247 ,
2980 3137 3110 3229 seu

318 3260 599 3345 ultimae
648 3262 821 3375 post
848 3266 1229 3377 peractam
1282 3262 2287 3380 dilatationem‘acquifitae,
2347 3265 2505 3351 hoc
2559 3266 2711 3373 est,
2768 3259 3110 3348 dicendo

314 3378 823 3473 velocitatem
882 3383 1227 3495 corporis
1279 3380 1378 3465 A
1395 3412 1647 3473 =-..-a,
1700 3388 1783 3469 δε
1830 3384 2334 3469 velocitatem
2374 3383 2721 3495 corporis
2760 3378 2837 3463 Β
2859 3374 3110 3477 ==·b‚

320 3497 453 3580 crit
506 3496 647 3581 A:
694 3494 1049 3583 B-zb:
1090 3530 1165 3587 α.
1288 3496 1567 3609 Quare
1619 3506 1744 3610 4⁶.
1794 3502 1941 3585 erit
1991 3501 2326 3584 aeA—..=.·
2357 3496 2542 3601 bB,
2591 3496 2815 3614 quod
2861 3489 3112 3580 mons·

318 3636 456 3697 trat
471 3675 500 3715 ,
548 3617 1067 3729 quantitatem
1110 3641 1375 3703 motus
1419 3618 1841 3733 utrobique
1874 3614 2023 3703 esse
2064 3620 2440 3733 aequalem
2458 3677 2487 3718 ,
2533 3618 2614 3701 in
2656 3640 2814 3731 qua
2859 3638 3120 3725 aequas

317 3730 525 3818 litate
580 3726 773 3817 fitlso
820 3757 1187 3846 putarunt
1235 3734 1727 3849 antagonistae
1768 3797 1794 3834 ,
1872 3760 1961 3819 ut
2020 3765 2212 3820 mox
2278 3734 2584 3851 patebit
2614 3793 2643 3834 ‚
2713 3728 3117 3816 consistere

322 3850 831 3963 aequalitatem
873 3852 1153 3936 virium
1198 3854 1577 3939 vivarum.
1696 3848 2063 3965 Tempus
2122 3854 2236 3959 5⁰.
2285 3882 2454 3965 quo
2495 3859 2910 3963 utrumque
2947 3874 3122 3931 cor-

320 3992 449 4075 pus
482 3967 593 4051 ad
640 3968 991 4054 ultimam
1036 3963 1240 4055 suam
1284 3970 1757 4057 celeritatem
1792 3973 2148 4083 pervenit
2168 4031 2193 4070 ,
2253 3970 2364 4053 est
2409 3968 2830 4084 utrobique
2867 3987 3124 4079 aequa-

326 4081 441 4182 le,
499 4084 733 4200 quod
793 4079 967 4171 sane
1010 4088 1221 4172 nulla
1263 4086 1731 4205 probatione
1786 4088 2129 4200 indigen
2182 4076 2456 4201 preffio
2506 4088 2718 4170 enim
2773 4086 2852 4168 in
2903 4108 3128 4168 utro·

314 4226 471 4399 pue
504 4230 844 4319 corpore
890 4202 1108 4316 fimul
1150 4205 1465 4320 incipit,
1517 4210 1599 4287 &
1639 4204 1853 4290 fimul
1889 4204 2189 4291 definit.
2301 4199 2692 4319 ‘Denique
2737 4200 3126 4317 6⁶..quod

348 4346 689 4405 ummam
742 4346 1077 4408 meretur
1134 4324 1652 4409 attentionem
1688 4384 1714 4424 ‚
1779 4352 1881 4407 ex
1940 4348 2048 4411 eo
2104 4322 2331 4439 quod
2399 4346 2559 4409 tam
2627 4319 3140 4407 acceleratio-

314 4462 451 4523 nes
514 4466 935 4552 corporum
956 4501 983 4542 ‚
1043 4468 1280 4555 quam
1326 4468 1599 4526 eorum
1644 4440 2073 4527 celeritates
2118 4442 2452 4541 ultimae,
2515 4434 2686 4525 sunt
2731 4438 2970 4523 masiis
3013 4464 3136 4522 re-

314 4555 637 4670 ciproce
692 4558 1317 4673 proportionales
1334 4620 1364 4661 ,
1393 4590 1405 4599 ·
1430 4556 1817 4648 clari‘ffime
1874 4552 1949 4645 se
2012 4562 2214 4645 uitur
2231 4622 2258 4661 ‚
2323 4585 2742 4646 commune
2787 4563 3138 4643 centrum

422 4670 653 4792 1⁴:⁹5⁸:
696 4668 1067 4791 Bfrfleullf'
1109 4672 1363 4795 Ope&
1394 4686 1636 4793 emnia
1678 4672 1933 4791 Tpm.
2040 4672 2158 4767 ΙΙ.
2489 4672 2528 4760 1
2574 4676 2606 4760 i
2715 4716 2724 4731 ·
2883 4672 3138 4789 gravi-
