4390 5773
1297 414 1466 519 “508
1589 401 1749 495 Nn
1799 393 2190 489 cxux.
2253 382 2691 491 Lamo
2750 396 3007 491 xm.
3070 402 3237 491 Dr:
3284 404 3983 502 mammea

1297 568 1706 690 impellens
1737 635 1762 673 ,
1823 573 1953 657 vel
2011 569 2331 655 fluidum
2396 570 2781 685 gravitans
2815 630 2842 669 ,
2908 593 3166 681 neque
3232 568 3699 677 verticaliter
3726 634 3751 672 ‚
3830 588 4095 688 neque

966 710 1030 775 -Τ
1063 708 1102 771 Α
1132 706 1200 772 Β.
1297 692 1883 779 horizontaliter
1919 750 1946 791 ,
2009 685 2141 773 sed
2190 688 2919 803 perpendiculariter
2952 688 3031 769 in
3081 714 3391 771 curvam
3440 688 3631 801 agit.
3689 686 3887 776 Hoc
3918 695 4091 776 cui-

922 790 1240 953 {3321}-
1299 813 1421 897 vis
1466 806 1956 895 manifestum
2015 808 2160 893 erit
2184 867 2215 907 ,
2254 806 2309 892 fi
2374 805 2624 893 modo
2680 804 3199 903 consideretur
3244 804 3465 919 quod
3520 807 3801 919 globus
3844 803 3911 895 L
3938 868 3966 910 ,
4040 808 4095 895 fi

1057 917 1076 940 ⁸
1171 940 1178 947 ’
1299 948 1708 1013 moveatur
1767 928 1848 1009 in
1910 925 2114 1011 linea
2149 928 2383 1012 ,κᾶε
2430 914 2571 1009 LS
2599 984 2624 1023 ‚
2652 927 2801 1019 ,ὃς
2840 922 3167 1036 oblique
3234 924 3340 1005 im
3398 926 3609 1038 ingat
3652 927 3729 1009 in
3810 950 4099 1039 corpus

1187 1048 1194 1053 ’
1289 1040 1519 1131 MN
1552 1104 1580 1143 ,
1642 1044 1914 1157 quod,
1971 1045 2334 1157 inquam,
2376 1042 2759 1157 propellat
2806 1041 3289 1153 hoecorpus
3464 1038 3561 1128 N
3590 1072 3641 1141 ,·
3675 1037 4098 1157 secundum

1293 1160 1576 1275 lineam
1625 1154 2369 1269 SQtranseuntem
2415 1188 2553 1272 per
2598 1160 2965 1273 punaum
3027 1160 3419 1243 conracius
3466 1154 3523 1245 S
3581 1164 3663 1243 δι
3716 1160 3853 1272 pe'r
3902 1186 4097 1245 cen·

1293 1302 1499 1363 trum
1559 1278 1831 1391 globi;
1895 1276 1981 1359 id
2027 1279 2134 1363 est
2159 1338 2191 1377 ,
2246 1272 2665 1363 secundum
2710 1276 2997 1375 lineam
3029 1335 3057 1376 ,
3118 1304 3288 1389 quae
3337 1276 3450 1363 est
3504 1278 4097 1395 perpendicula.-

1297 1394 1422 1482 ris·
1453 1395 1552 1477 ad
1590 1398 1872 1478 restam
1915 1388 2168 1479 MN.

1421 1508 1781 1598 Alterum
1822 1509 2042 1622 quod
2082 1510 2189 1593 est
2235 1502 2800 1593 observandum
2858 1512 2967 1594 est
3006 1570 3033 1610 ,
3094 1507 3319 1620 quod
3363 1532 3641 1594 ventus
3690 1508 4045 1595 allabens
4060 1570 4087 1611 ‚

1301 1656 1478 1742 eum
1529 1628 1702 1741 post
1763 1620 2162 1737 impulsum
2209 1620 2561 1709 aliorsum
2610 1624 2946 1712 evadere
2996 1625 3249 1739 potest
3278 1686 3305 1723 ,
3369 1654 3531 1711 non
3580 1654 3673 1711 ea
3726 1630 3872 1726 vi,
3934 1652 4093 1740 qua

1299 1746 1518 1829 irruit
1540 1804 1563 1842 ,
1612 1738 2016 1852 subJeaam
2119 1743 2508 1859 articulam
2556 1736 2971 1829 secundum
3015 1742 3723 1855 perpendicularem
3762 1743 3863 1828 ad
3914 1772 4093 1829 cur-

1301 1888 1483 1945 vam
1535 1859 1935 1972 protrudat
1963 1920 1986 1957 ,
2077 1859 2182 1943 ed
2246 1860 2329 1942 vi
2376 1860 2775 1943 imminuta
2805 1919 2834 1960 ,
2902 1888 3073 1972 quae
3132 1859 3279 1942 erit
3326 1858 3431 1943 ad
3471 1862 3633 1945 vim
3688 1862 3901 1945 venti
3950 1861 4085 1945 ab·

1301 1972 1682 2075 solutam,
1745 2000 1831 2061 ut
1883 1974 2079 2058 finus
2119 1976 2377 2087 anguli
2412 1974 2931 2061 inclinationis
2966 1976 3189 2060 venti
3232 1973 3335 2058 ad
3387 1973 3633 2060 smum
3671 2000 3957 2061 totum.
4008 1974 4093 2061 Si

1301 2121 1496 2177 vero
1537 2115 1816 2179 ventus
1861 2094 2034 2203 post
2089 2085 2453 2200 allapsum
2490 2118 2650 2175 non
2698 2093 2965 2177 evadit
2989 2124 3021 2182 ,·
3082 2088 3564 2179 manifestum
3603 2095 3710 2177 est
3752 2118 3917 2176 tota
3960 2088 4089 2177 sua

1299 2211 1385 2291 vi
1439 2234 1668 2320 agere
1711 2208 1792 2289 in
1855 2202 2263 2312 subjectam
2320 2208 2771 2315 particulam
2802 2266 2827 2304 ,
2889 2208 3255 2320 illamque
3308 2210 3763 2319 protrudere
3824 2206 4089 2292 secun-

1303 2324 1489 2409 dum
1534 2322 2239 2435 perpendicularem
2286 2321 2387 2404 ad
2426 2348 2741 2405 curvam
2778 2325 2860 2405 vi
2900 2352 3063 2408 non
3094 2323 3523 2411 imminuta.
3584 2320 3813 2410 Patet
3842 2328 4085 2423 enim,

1303 2438 1526 2553 quod
1587 2438 1642 2522 fi
1703 2440 1987 2551 globus
2034 2434 2098 2523 L
2154 2438 2325 2551 post
2376 2439 2609 2521 iCtum
2680 2435 3035 2525 aliorsum
3096 2440 3539 2525 defleelatur
3575 2501 3601 2539 ‚
3666 2446 3909 2551 major
3964 2444 4095 2527 vis

1304 2556 1410 2643 ad
1461 2556 1948 2641 retinendum
1988 2584 2265 2665 corpus
2316 2548 2543 2643 MN
2578 2583 2742 2639 non
2784 2558 3215 2671 requiratur
3242 2616 3269 2655 ,
3332 2582 3573 2669 quam
3618 2586 3789 2671 quae
3838 2558 3947 2643 est
3980 2556 4091 2641 adi

1303 2674 1468 2755 vim
1523 2667 1948 2757 absolutam
1995 2672 2217 2785 globi
2251 2673 2743 2784 impingentis
2783 2666 2858 2757 L
2888 2733 2915 2773 ‚
2978 2698 3062 2757 ut
3111 2672 3757 2784 perpendicularis
3786 2670 4093 2760 MPad

1302 2780 1539 2890 MS,
1602 2782 1729 2872 seu
1762 2850 1790 2889 ,
1853 2788 2076 2904 quod
2112 2787 2326 2873 idem
2366 2788 2525 2885 est,
2590 2814 2679 2871 ut
2732 2786 2926 2873 smus
2962 2782 3515 2906 anguliMSP·
3544 2790 3648 2872 ad
3670 2790 3907 2873 finum
3958 2816 4089 2875 to-

1301 2931 1496 2990 tum.
1561 2903 1641 2992 Si
1687 2935 1878 2989 vero
1925 2905 2209 3018 globus
2260 2907 2427 3016 post
2472 2909 2702 2990 istum
2751 2934 3057 2992 manere
3104 2908 3403 3020 cogitur
3426 2967 3453 3005 ,
3516 2905 3929 2992 necessario
3956 2933 4087 2992 to-

1300 3045 1382 3108 ta
1435 3025 1556 3106 vis
1596 3021 1815 3134 globi
1865 3018 2211 3104 absoluta
2260 3025 2665 3133 requiritur
2715 3025 2791 3105 in
2844 3021 2897 3108 S
2956 3021 3061 3108 ad
3100 3021 3235 3134 ipfi
3298 3020 3833 3123 resistendum,
3928 3027 4097 3109 hoc

1302 3141 1464 3238 est,
1526 3167 1680 3252 qua
1734 3141 1814 3220 vi
1841 3139 2122 3252 globus
2177 3133 2245 3222 L
2299 3141 2553 3222 versus
2614 3135 2665 3222 S
2724 3164 3129 3238 movetur,
3188 3139 3461 3224 eadem
3517 3169 3651 3224 cor
3709 3165 3789 3223 us
3846 3137 3962 3228 M
3989 3139 4095 3228 N

1299 3249 1554 3340 versus
1614 3255 1666 3342 S
1693 3251 1816 3364 Q
1845 3255 2343 3368 propelletur.
2406 3251 2782 3366 Suppono
2844 3281 3100 3340 autem
3160 3256 3287 3340 hic
3328 3285 3604 3368 corpus
3786 3255 4085 3346 Nnul-

1300 3371 1458 3456 lam
1499 3371 1784 3457 habere
1843 3375 2299 3484 gravitatem
2324 3433 2348 3470 ‚
2413 3374 2543 3458 vel
2586 3371 3069 3458 resistentiam
3119 3370 3474 3484 paffivam
3514 3431 3539 3471 ‚
3602 3368 3734 3458 sed
3766 3377 4095 3460 cuicun-

1301 3487 1460 3599 que.
1505 3493 1872 3600 potentiae
1928 3489 2295 3573 allabenti
2350 3487 2709 3572 facillime
2760 3487 3203 3602 obsequi&
3250 3490 3533 3576 cedere
3566 3548 3592 3585 ,
3654 3487 3943 3602 absque
3998 3516 4101 3577 ut

1293 3608 1650 3716 potentia
1707 3604 2045 3692 allabens
2099 3607 2201 3689 de
2245 3607 2329 3687 vi
2384 3599 2511 3688 sua
2554 3605 2853 3716 perdar.
2976 3603 3185 3720 Qae
3237 3635 3415 3690 cum
3458 3601 3679 3692 irase
3718 3609 4101 3708 babeant,

1294 3720 1397 3805 ad
1471 3745 1817 3804 naturam
1893 3716 2333 3828 hujusmodi
2382 3747 2781 3806 curvarum
2840 3725 2947 3806 ita
3012 3724 3487 3836 pervenitur.
3632 3720 4109 3832 Qnaerenda.

943 3825 1018 3984 '1²‘
1296 3838 1502 3950 prius
1565 3837 1672 3922 est
1727 3839 1898 3935 vis,
1980 3864 2132 3950 qua
2187 3837 2551 3944 quaelibet
2616 3839 2984 3948 particula
3040 3869 3287 3926 curvae
3353 3841 4105 3953 perpendiculariter

936 3923 1210 4066 ιχῗςιῗιζ
1297 3949 1714 4039 extrorsum
1763 3949 2016 4040 versus
2059 3956 2420 4064 pellitur:
2488 3953 2572 4035 fit
2622 3985 2747 4040 ex.
2806 3985 2915 4070 gr.
2978 3955 3109 4042 Bb
3160 3957 3525 4068 particula
3578 3985 3875 4054 curvae,
3906 3987 4107 4068 quae

947 4085 1242 4160 fig-1⁶0.
1297 4074 1619 4179 pellatur
1680 4066 2090 4156 secundum
2159 4071 2859 4182 perpendicularem
2920 4071 2987 4160 B
3030 4071 3115 4160 C
3142 4135 3165 4170 ,
3250 4079 3327 4156 &
3382 4073 3701 4185 quidem
3762 4074 3843 4154 vi
3908 4103 4098 4184 quae

1296 4187 1758 4293 exprimatur
1793 4219 1930 4298 per
1977 4183 2205 4299 ipsam
2238 4185 2303 4271 B
2336 4183 2419 4267 C
2454 4221 2475 4277 3
2542 4189 2701 4270 haec
2746 4215 3001 4274 aurem
3039 4191 3153 4273 vis
3200 4194 3695 4300 componitur
3749 4217 3845 4273 ex
3886 4191 4095 4273 dua-

1293 4299 1438 4383 bus
1487 4302 1650 4384 aliis
1686 4361 1710 4398 ‚
1776 4332 2092 4413 quarum
2165 4331 2312 4386 una
2386 4299 2493 4388 est
2557 4305 3055 4390 horizontalis
3115 4302 3182 4390 Β
3212 4301 3303 4388 D
3334 4368 3355 4400 ,
3422 4311 3501 4388 δε
3550 4311 3787 4390 altera
3838 4310 4095 4388 verti·-

1291 4417 1470 4500 calis
1529 4412 1748 4506 BE;
1817 4447 1983 4528 quae
2039 4447 2319 4527 nempe
2375 4423 2892 4532 exprimuntur
2936 4451 3073 4532 per
3130 4423 3361 4508 latera
3408 4425 3819 4535 refianguli
3856 4417 4099 4524 DE,

1288 4539 1500 4646 cujus
1541 4536 1972 4654 diagonalis
2019 4537 2124 4621 est
2165 4531 2233 4622 B
2264 4529 2351 4618 C
2386 4568 2412 4627 3
2476 4537 2575 4620 fic
2619 4540 2901 4654 itaque·
2928 4539 3232 4656 smgulae
3292 4538 3661 4656 potentiae
3693 4536 3767 4626 B
3790 4534 3915 4638 C,
3952 4539 4083 4738 bke,

4050 4684 4105 4740 e

4300 3479 4302 3534 1
