4390 5773
860 371 1599 466 VIRIUM
1704 377 2690 480 VIVARUM..
2993 419 3154 496 255

328 533 475 620 bile
518 531 935 620 relabatur.
994 527 1515 622 Dormiamus
1562 562 1755 650 ergo
1792 528 2055 620 secure
2076 595 2109 638 ,
2170 562 2296 622 res
2345 536 2456 622 est
2497 537 2580 620 in
2629 530 3156 650 salvo.Q10d

326 675 579 740 autem
630 681 731 736 ex
782 647 1147 738 concursu
1196 655 1637 765 „corporum
1687 653 2047 738 mollium
2078 715 2109 755 ,
2190 655 2324 740 vel
2387 654 2830 768 imperfecte
2897 660 3152 753 clasti-

326 799 587 860 corum
648 771 787 858 ubi
830 764 1250 856 secundum
1278 765 1551 858 ‘sensus
1610 775 1914 858 nostros
1960 770 2262 887 aliquid
2305 771 2412 858 de
2475 774 2774 862 viribus
2834 775 3150 862 videtur

323 891 560 1004 perire
595 949 622 990 ,
684 889 1005 1004 allegari,
1044 883 1291 1004 poffet
1350 912 1623 978 contra
1692 887 1976 982 virium
2032 885 2708 980 conservationem
2733 951 2762 993 ,
2821 893 2927 977 ad
2987 895 3150 980 hoc

324 1011 465 1118 jam
512 1002 733 1124 supra
784 1003 1321 1124 respondimus
1356 1069 1385 1112 ,
1446 1035 1595 1098 nec
1640 1007 1871 1120 hujus
1921 1007 2085 1096 loci
2114 1009 2229 1100 est
2281 1007 2360 1098 ei
2409 1005 2698 1100 diutius
2746 1010 3141 1104 inhaerere.

1527 1224 1947 1318 XXX.

422 1427 569 1522 Ne
615 1458 809 1517 vero
856 1425 1320 1550 disputando
1368 1425 1700 1517 militare
1747 1456 2159 1548 pergamus
2197 1491 2228 1535 ,
2317 1429 2542 1518 lubet
2595 1457 2804 1520 nunc
2861 1462 3140 1552 urgere

320 1543 749 1636 consensum
793 1565 832 1650 ,’
886 1580 1125 1665 quern
1177 1547 1726 1665 generaliffime
1785 1549 2443 1665 deprehendimus
2487 1553 2568 1636 in
2615 1545 3158 1642 solutionibus,

319 1663 891 1754 problematum
942 1670 1048 1755 ad
1099 1670 1298 1754 hanc
1340 1668 1740 1753 materiam
1797 1670 2368 1780 pertinentibus
2406 1731 2434 1770 ‚
2513 1664 2972 1783 quotiescun
3033 1703 3139 1762 ue

319 1815 399 1872 ea
436 1785 723 1900 duplici
786 1789 1043 1874 modo
1089 1783 1391 1876 solvere
1450 1786 1909 1870 instituimus
1943 1847 1972 1888 ,
2034 1816 2322 1902 nempe
2371 1789 2506 1872 via
2541 1786 2910 1874 indirecta
2933 1701 3134 1900 [cied

316 1907 757 2020 plerumque
816 1905 1414 2004 commodiori,
1500 1931 1593 1989 ac
1640 1906 1885 2016 magis
1944 1899 2509 2018 compendiosa
2549 1917 2588 2005 ]
2647 1935 2786 2018 per
2839 1901 3132 1994 Theo·-

304 2026 489 2108 *riam
532 2024 817 2106 virium
878 2026 1285 2113 vivarum;
1346 2023 1585 2108 altera
1631 2019 1923 2112 directa
1974 2028 2059 2108 &
2113 2025 2360 2136 petita
2413 2052 2514 2108 ex
2571 2021 2969 2136 notissimis
3009 2051 3130 2112 at-
3213 2091 3220 2098 -

315 2169 455 2255 que
490 2167 538 2223 a
604 2141 918 2227 nemine
960 2171 1125 2227 non
1172 2137 1536 2226 conceffis
1584 2139 1979 2252 principiis
2030 2143 2370 2239 staticis..
2463 2135 2932 2227 Aude‘bitne
2981 2145 3128 2228 ali-

313 2259 469 2372 quis
516 2257 789 2341 duram
834 2251 1007 2344 fitis
1067 2257 1356 2343 habere
1397 2255 1743 2344 stentem
1780 2316 1808 2358 ,
1872 2279 1963 2342 ut
1986 2317 2014 2359 ,
2078 2253 2237 2344 visit
2307 2257 2714 2348 harmonia
2774 2262 3122 2346 constan-

312 2373 563 2460 tiffima
616 2376 695 2458 in
745 2377 1120 2462 omnibus
1180 2377 1557 2488 exemplis
1592 2403 1730 2488 per
1783 2381 2195 2492 utramque
2241 2378 2452 2462 viam
2490 2371 2756 2463 solutis
2771 2437 2800 2478 ,
2845 2381 3123 2466 etiam-

309 2523 479 2578 num
534 2515 797 2576 tamen
858 2494 1170 2580 dubitet
1232 2493 1337 2578 de
1398 2492 1798 2606 probitate
1854 2495 2135 2606 prioris
2181 2493 2596 2595 methodi,
2657 2519 2795 2582 aut
2809 2555 2840 2598 ,
2894 2495 3122 2610 quod
3171 2547 3176 2551 ·

308 2613 533 2726 magis
592 2608 801 2696 foret
844 2605 1223 2698 absonum
1258 2671 1287 2711 ‚
1347 2639 1450 2698 ne
1515 2608 1773 2698 dicam
1832 2613 2245 2725 impudens
2267 2674 2297 2715 ‚
2378 2635 2468 2697 ut
2529 2611 2740 2699 dicat
2795 2607 3121 2700 consen·

307 2726 452 2814 sum
506 2728 728 2812 istum
778 2723 976 2814 casui
1020 2727 1347 2814 fortuito
1404 2727 1679 2814 deberi
1702 2790 1730 2830 ,
1802 2730 2096 2816 etiamsi
2160 2732 2334 2816 talis
2388 2723 2597 2816 casus
2653 2729 2743 2816 fit
2795 2732 3118 2816 morali-

304 2871 408 2935 ter
466 2843 943 2958 impossibilis
984 2881 1007 2933 ε
1085 2846 1461 2963 siquidem
1522 2875 1623 2933 ex
1687 2850 2035 2937 centenis
2083 2855 2165 2935 &
2220 2847 2573 2963 pluribus
2655 2850 3040 2965 exemplis
3081 2910 3110 2953 ,

298 2995 457 3080 quae
500 2964 864 3049 haetenus
914 2968 1401 3051 tranavimus
1426 3027 1455 3068 ,
1516 2996 1619 3053 ne
1668 2969 1985 3053 unicum
2036 2968 2359 3083 quidem
2408 2970 2747 3057 occurrit
2781 3030 2810 3075 ‚
2893 2970 3146 3083 quus·

296 3112 447 3171 non
500 3079 1115 3196 perfeetiffimum
1152 3078 1598 3173 consensum
1658 3087 1910 3176 exitus
1962 3087 2416 3202 probaverit
2459 3090 2498 3173 ?

1434 3280 1955 3377 XXXI.

394 3449 678 3542 Proeter
728 3432 1177 3571 exemplum
1232 3452 1518 3545 Centri
1576 3450 2085 3547 oli-illationis
2143 3455 2227 3542 in
2283 3458 2646 3572 pendulis
2717 3457 3104 3574 composi-

292 3574 383 3656 tis
430 3570 847 3667 felic‘isfiine
870 3676 881 3685 ,
901 3577 1392 3663 determinati
1434 3605 1573 3689 per
1615 3601 2025 3691 utramque
2082 3572 2593 3682 methodum,
2653 3576 3105 3663 indirectam
3271 3637 3280 3649 ι

290 3694 363 3773 δι
432 3691 797 3777 ἀίῑεᾶαπι
832 3755 863 3794 ,
928 3694 1283 3809 quaedam
1370 3696 1517 3779 alia
1575 3690 2088 3800 Problemata,
2150 3693 2336 3780 huic
2407 3690 2545 3781 fini
2613 3688 3104 3782 inservientia

286 3804 819 3920 propofiseram
860 3814 938 3896 in
997 3810 1397 3899 Commeat.
1450 3808 1799 3925 Petropel.
1846 3808 2105 3899 Tom.
2150 3805 2256 3900 Π.
2314 3840 2493 3929 pag.
2558 3846 2719 3899 200
2771 3810 2826 3865 ἦ
2845 3873 2874 3913 ,
2923 3806 3098 3926 sup-

286 3926 523 4034 preffis
580 3946 768 4015 tunc
822 3930 1143 4046 quidem
1198 3927 1761 4037 solutionibus,
1820 3925 2113 4018 visurus
2136 3990 2169 4031 ,
2231 3958 2422 4015 num
2475 3931 2617 4044 qui
2679 3927 2940 4017 forent
2991 3956 3132 4015 ex*

288 4038 611 4130 Eruditis
642 4108 673 4155 2
736 4050 876 4163 qui
939 4049 1231 4138 vadum
1297 4062 1604 4138 tentare
1674 4048 1999 4134 vellent.
2118 4040 2338 4161 Inter
2401 4068 2832 4133 memorata
2892 4042 3094 4133 Pro-

282 4160 607 4249 blemata
658 4168 996 4253 occurrit
1048 4168 1367 4285 quaestio
1422 4166 1525 4253 de
1581 4165 2053 4254 chordarum
2085 4162 2662 4255 vibrationibus
2709 4162 3088 4253 definien-

277 4281 395 4365 dis
434 4308 571 4393 per
615 4278 1133 4373 oscillationes
1174 4285 1697 4401 pendulorum
1738 4284 2132 4371 datorum.
2255 4275 2526 4396 Hujus
2569 4278 3092 4374 Problematis
3129 4282 3136 4287 ’

272 4398 601 4513 fingulos
645 4398 859 4489 casus
936 4408 1187 4513 [nam
1235 4407 1433 4491 varii
1477 4430 1695 4507 erant
1745 4400 2198 4519 propositi]
2247 4404 2515 4518 postea
2559 4396 2854 4491 solutos
2899 4400 3088 4489 dedi

268 4518 835 4621 inteorundem
890 4517 1666 4633 Commepngfom·
1718 4516 1891 4629 ΙΙΙ.
1951 4548 2161 4637 pag..
2191 4548 2286 4645 ¹3
2351 4527 2432 4609 δι
2483 4515 2640 4636 seq,
2703 4526 2750 4621 †
2793 4527 2874 4607 δε
2894 4520 3087 4721 ε(ὶῑιιίω

276 4690 287 4703 .
1792 4703 1801 4729 ,
2733 4680 2742 4691 ·
2954 4663 3086 4723 em

492 4765 529 4803 ⁸
560 4769 735 4851 Supra
762 4816 783 4853 ‚
814 4768 929 4837 ΝΟ.
954 4768 1313 4843 cxxxvn.
1348 4787 1625 4855 pagan.
1713 4777 1753 4841 ‘c
1786 4768 1894 4837 N0.
1939 4764 2110 4833 CXL·
2154 4784 2284 4851 pag.
2337 4776 2469 4847 198·
2531 4801 2536 4809 ·
